2975 4950
235 370 344 438 10360
584 386 696 435 nore
718 384 924 434 vuurunuu
952 385 992 434 ru

237 531 325 595 primis
334 535 426 580 contre
436 528 517 579 Gades
527 530 578 579 eine
588 531 717 579 columine
729 544 772 593 per
809 530 857 579 sed
880 544 965 597 oeque
993 534 1079 580 rostro
1102 526 1182 580 ferire
1203 526 1342 579 celeritate

235 608 380 657 deditionem
397 605 539 669 recipiendi.
558 606 646 657 Gebh.
680 607 770 655 Prodi·
809 608 1031 660 subterlabentem
1043 605 1187 671 poterant!
1222 602 1342 655 Ninnio

236 686 300 734 tione
310 699 357 734 rec.
383 684 533 746 Rhemum,
543 698 621 748 quum
633 684 658 732 in
672 685 771 748 scripto
809 684 890 740 15555,
900 684 925 733 in
937 697 993 748 quo·
1006 681 1213 750 ‘quinqueremis
1227 678 1343 730 tardior'

237 769 307 811 esaei
317 776 360 824 por
370 761 484 811 ditionem
495 761 634 823 recipiendi.
652 760 771 823 Sigonius
808 759 887 809 inisse
907 760 1014 817 dicitur,
1025 773 1101 825 quum
1116 756 1266 820 ‘triremia,'
1283 771 1342 806 sen·

234 854 278 902 prr
293 838 461 902 proditionem.
496 838 587 887 Nostri
600 843 689 887 omnes
701 838 772 889 Geli.
809 838 900 887 tentiae
912 838 981 886 illino
993 835 1156 887 adversator.
1188 833 1342 898 Vixcr'edo,

239 924 267 965 et
278 915 342 963 Pell.
350 930 393 977 per
403 914 556 963 deditionem.
573 914 600 966 J.
614 914 642 963 F.
654 915 771 965 Gronov.
809 913 949 978 quidquam
961 914 1026 963 oerli
1038 911 1071 962 de
1083 926 1114 962 eo
1124 926 1152 961 re
1164 910 1243 960 stetui
1255 923 1342 974 posse.

239 992 439 1041 Perdiditiortenr
447 990 516 1039 Flor.
524 991 600 1042 Voss.
609 990 674 1040 Lor.
682 995 737 1042 29.
747 995 772 1039 5.
809 991 870 1042 Non
892 990 1066 1053 improbabile
1086 996 1138 1051 est,
1161 996 1190 1038 nt
1209 1001 1288 1051 nuno,
1304 987 1342 1036 ite

239 1069 314 1118 Harl.
327 1069 389 1118 Ber.
403 1068 515 1118 Guertn.
530 1067 597 1117 Hor.
617 1068 727 1119 Hearuii
740 1068 771 1119 Ι..
808 1067 870 1116 olim
891 1080 1003 1132 quoque,
1021 1061 1090 1116 inter
1103 1065 1219 1129 ejusdem
1237 1063 1341 1128 generis

239 1154 262 1201 1.
274 1157 300 1198 et
314 1150 347 1197 D.
364 1149 390 1197 in
404 1148 549 1197 deditionem
563 1147 694 1211 recipiendi
705 1149 771 1198 Lor.
809 1138 837 1193 εὶ
846 1144 1031 1209 magnitudinis
1042 1157 1121 1193 nores
1131 1142 1195 1193 alias
1204 1142 1261 1190 eliis
1270 1141 1341 1189 reio·

218 1279 219 1282 ,
237 1229 263 1276 4.
284 1239 328 1287 per
341 1224 500 1287 proditionem
515 1223 644 1287 recipiendi
662 1222 771 1273 Hearnii
809 1221 904 1286 olores,
922 1222 986 1272 elias
1003 1213 1130 1271 tardiores
1146 1218 1243 1279 fuisse3
1261 1218 1340 1282 idque

240 1292 283 1353 Ns
308 1302 342 1350 Et
364 1315 427 1349 auno
449 1300 605 1349 mentionem
626 1300 772 1362 proditionis
810 1299 896 1349 rel‘eu
908 1314 950 1363 eo,
969 1297 1037 1364 quod
1052 1299 1092 1347 liar
1107 1297 1199 1347 inseite
1211 1294 1288 1345 inette
1300 1309 1341 1345 er-

238 1378 352 1442 prolnmt
383 1378 438 1426 loco
465 1375 626 1425 aillrenano
648 1375 772 1437 laudata;
811 1373 1342 1441 55595515195555555515115τί551515

239 1454 333 1518 quihus
352 1454 419 1502 adde
441 1467 501 1515 cop.
524 1456 565 1500 ul.
582 1450 771 1502 ‘Peteiaotam
811 1465 849 1503 re.
885 1452 1059 1517 Polyxenidas
1082 1445 1223 1516 praefectos
1250 1449 1342 1499 elassis

240 1530 413 1594 proditionem
447 1531 646 1595 conjuratosque
681 1531 773 1580 missos
811 1527 935 1577 Antiochi
948 1528 1016 1593 apud
1036 1530 1093 1579 Lir.
1111 1539 1210 1577 xxxvi.
1224 1531 1264 1576 13.
1282 1541 1342 1576 auu·

240 1605 449 1671 Karthaginem?
811 1605 900 1662 debet.
923 1604 1116 1667 confligendum
1140 1619 1199 1655 cum
1224 1604 1342 1654 Rumina

273 1685 321 1733 Sed
334 1684 456 1747 potrsuotu
471 1683 592 1733 inmaturo
605 1684 710 1747 proditio
725 1688 773 1747 est,
811 1680 903 1744 clesue,
919 1696 951 1731 eo
968 1681 1037 1745 qnod
1057 1682 1178 1730 Romanae
1190 1695 1270 1730 nores
1287 1679 1343 1728 ‘io-

239 1763 458 1826 comprehensosque
480 1761 570 1824 omnes]
587 1762 686 1810 Iterum
702 1761 772 1812 Gall.
811 1758 967 1808 scite'faotu.
979 1758 1139 1809 immobiles'
1154 1764 1251 1808 essent.
1275 1749 1342 1808 Cur·

241 1841 315 1887 Voss.
338 1838 509 1902 princepsque
531 1838 599 1887 Pali.
627 1839 773 1900 exstirpent
811 1837 863 1886 tius
874 1851 913 1886 ιν.
925 1841 950 1887 4.
965 1840 973 1867 ⁴
984 1837 1072 1886 Prima
1085 1852 1099 1887 e
1111 1835 1285 1887 Macedonum
1296 1850 1342 1885 ns·

241 1915 456 1979 particulorused.
473 1913 670 1965 19555555.
696 1915 772 1963 Eum·
812 1914 885 1964 uibus
903 1917 1107 1981 quinqueremis,
1121 1915 1260 1963 velocitate
1273 1914 1343 1963 inter

241 1990 300 2040 dem
310 1990 445 2039 eliminant
453 1992 533 2039 etiam
544 1991 613 2039 Flor.
622 1992 699 2041 cont·
709 1991 774 2042 Lor.
811 1996 914 2040 ceteras
925 1992 1052 2048 eminens,
1061 1991 1193 2041 occurrit?
1210 1993 1344 2041 Neosem·

241 2072 266 2117 1.
277 2072 302 2116 2.
313 2071 336 2117 3.
349 2073 374 2115 5.
387 2065 461 2115 Hori.
470 2066 539 2115 Hor.
548 2072 576 2115 et
589 2065 697 2115 Hearnii
707 2067 737 2116 L.
750 2071 774 2115 l.
812 2082 860 2131 per
879 2082 958 2117 nares
975 2082 1006 2116 eo
1024 2067 1167 2117 velociores
1183 2066 1271 2124 fuine,
1290 2075 1343 2133 quo

241 2158 273 2194 sc
282 2144 318 2194 N·
339 2141 444 2193 Deinde
453 2141 576 2206 patefacto
585 2142 774 2207 immotrropro·
812 2145 899 2209 plures
910 2148 1039 2194 remorum
1051 2144 1152 2193 ordines
1160 2141 1301 2203 trabebant,
1309 2158 1344 2193 ex

241 2223 332 2272 ditione
342 2222 418 2269 Voss.
452 2219 530 2269 Unde
543 2221 624 2270 rideri
636 2226 726 2285 posset
736 2221 773 2270 lo·
812 2221 844 2271 iis
854 2220 936 2284 liquet
949 2236 1007 2285 que
1021 2221 1114 2271 Florus
1127 2233 1166 2269 ιν.
1177 2224 1201 2269 2.
1212 2228 1238 2269 et
1252 2214 1297 2270 alil
1308 2220 1343 2269 de

241 2299 354 2364 gendum
371 2314 429 2347 esse
445 2297 566 2361 potesootu
582 2295 774 2363 inmature'pro·
813 2297 920 2347 Antonii
932 2307 959 2346 et
975 2299 1085 2347 Caesaris
1099 2297 1235 2347 Octaviani
1253 2297 1343 2346 elassi-

239 2378 331 2425 ditione
341 2376 518 2438 comprehensor
527 2391 614 2424 ornnes·
639 2376 775 2440 Atpotiua
814 2373 861 2424 bus
881 2375 1061 2439 prodiderunt.
1093 2375 1129 2423 Et
1144 2376 1213 2423 leves
1227 2372 1343 2437 refrigu-

241 2462 292 2516 est,
314 2458 342 2501 ut
362 2452 493 2501 librarium
513 2466 614 2502 errasse
629 2453 775 2516 credamus,
812 2466 856 2502 cer
869 2453 1011 2515 piratarum
1024 2464 1194 2515 myoparones
1206 2465 1277 2514 supe
1289 2451 1344 2499 lon·

242 2544 273 2579 ac
285 2528 386 2578 dedisse
403 2521 522 2592 proditiirr
538 2544 585 2593 pro
599 2531 704 2593 proditio
714 2537 735 2586 ἰ,
747 2531 773 2580 id
814 2545 845 2593 ge
866 2531 976 2594 majores
998 2544 1076 2577 nores
1098 2528 1235 2578 celeritate
1258 2529 1344 2578 vinee·

241 2612 281 2654 est
297 2606 432 2668 proditioue
449 2621 496 2670 pro
512 2608 617 2670 proditio
629 2612 680 2658 est:
698 2623 773 2672 qoem
814 2606 887 2655 bant·
906 2607 973 2656 Deir.
1009 2596 1070 2662 Qua
1081 2605 1181 2662 tardior,
1193 2606 1345 2668 qnomtrire·

242 2683 342 2746 lapsum
353 2684 379 2732 in
391 2684 463 2732 libris
475 2685 579 2748 scriptis
598 2700 669 2747 saepe
681 2685 774 2734 olocur·
811 2683 865 2739 ntis,
887 2683 1081 2733 nervosum
1104 2681 1168 2732 Lor.
1192 2686 1214 2731 1.
1250 2681 1345 2749 Paullo

242 2775 309 2817 rere,
321 2760 374 2809 dixi
388 2761 420 2810 ud
438 2775 477 2811 rx.
495 2767 520 2811 8.
538 2764 606 2827 919.
640 2764 775 2826 Exemplis
812 2770 873 2808 onte
889 2761 915 2809 in
931 2759 1135 2824 quinqueremibus
1148 2759 1258 2822 inpositis
1268 2758 1346 2808 voss.

241 2835 277 2884 itu
301 2836 414 2886 tiridatis
435 2838 503 2888 addo
521 2854 579 2903 quae
595 2845 721 2889 notentur
740 2834 773 2890 ud
813 2844 841 2888 et
853 2838 916 2886 Lor.
930 2840 953 2885 1.
963 2842 990 2887 9.
1001 2851 1031 2887 55
1043 2844 1067 2887 5.
1098 2837 1161 2899 Sed,
1177 2836 1288 2899 adjectis
1299 2851 1345 2886 no·

242 2925 316 2962 uxrr.
329 2917 371 2961 52.
382 2915 395 2977 9
408 2917 432 2962 2.
451 2927 519 2963 xxv.
530 2919 555 2964 9.
573 2916 587 2979 9
607 2919 647 2964 19.
658 2923 685 2965 et
697 2931 721 2965 c.
732 2921 774 2966 29.
814 2915 847 2964 tis
858 2923 911 2964 tres
924 2915 1026 2964 ultimas
1039 2916 1128 2964 literas
1139 2913 1260 2963 secrtudre
1274 2914 1346 2964 uocis

242 2990 257 3052 9
269 2994 292 3038 l.
325 2990 389 3039 Mox
403 2992 576 3053 Cortlrnginern
590 2993 715 3049 dedendos,
727 3007 775 3056 pro
813 2989 947 3053 delendas,
957 2999 1037 3056 etque
1048 2992 1074 3039 in
1083 2990 1246 3055 quinqueremi
1257 2990 1347 3053 legen·

242 3066 395 3130 deuehendos,
416 3067 492 3116 Voss.
515 3076 543 3116 et
563 3069 627 3117 Lon.
646 3071 669 3116 1.
702 3069 775 3120 itinn
812 3065 872 3116 dum
884 3082 1034 3129 esso‚munu
1046 3068 1343 3118 see.inVoso.uotut'um

242 3144 346 3193 tradidit
368 3144 458 3192 Lorel.
476 3147 501 3192 i.
543 3144 612 3193 Vide
637 3144 669 3194 atl
692 3158 712 3193 1.
734 3150 775 3195 59.
813 3151 880 3199 erat,
905 3143 1121 3208 quemodmodum
1151 3145 1228 3194 etiam
1254 3145 1345 3208 legunt

243 3222 295 3284 92.
312 3233 384 3269 xxti.
402 3225 444 3270 59.
462 3222 529 3284 925.
546 3233 642 3270 xxxii.
663 3226 704 3271 11.
724 3224 774 3287 97.
813 3220 877 3269 Lot.
889 3225 914 3270 2.
926 3225 989 3272 iet
1001 3222 1069 3271 Hau.
1102 3223 1153 3271 Sed
1165 3222 1229 3272 niltil
1243 3230 1343 3271 mutan·

242 3310 346 3348 xxxvi.
362 3303 400 3348 it.
413 3299 426 3361 9
439 3302 479 3346 11.
491 3304 518 3346 et
530 3298 602 3346 alibi.
636 3298 775 3348 Contrario
814 3298 900 3348 dum
918 3298 985 3349 Vide
1004 3298 1036 3349 ud
1054 3313 1074 3350 1.
1095 3303 1134 3350 18.
1154 3301 1168 3364 9
1185 3304 1210 3349 8.
1221 3308 1249 3349 et
1261 3313 1344 3350 xxvi.

242 3389 330 3424 errore
347 3375 425 3423 trudit
440 3374 579 3432 dederunt,
597 3390 645 3439 pro
663 3377 775 3428 tradidit.
812 3378 855 3424 51.
869 3377 883 3440 9
895 3381 920 3426 2.

242 3450 311 3500 Vide
325 3453 357 3500 nd
374 3465 474 3501 xxxiv.
484 3457 526 3502 29.
537 3454 550 3517 9
563 3457 604 3502 to.
845 3455 859 3517 9
876 3458 892 3502 6
913 3454 945 3503 m
961 3453 1013 3519 ipse
1027 3454 1053 3503 in
1069 3452 1231 3518 quinqueremi
1247 3459 1347 3517 eportet

275 3528 321 3591 95
342 3528 515 3591 Premisouque
536 3544 574 3590 eo,
595 3529 651 3592 quio
674 3530 776 3592 tardior,
815 3529 928 3586 circeio,
938 3531 1089 3593 sequentibus
1099 3537 1187 3593 septem
1196 3531 1345 3588 triremibus,

241 3620 309 3669 quon
318 3600 775 3669 55155555,5·55]8515555.15015551
812 3605 916 3669 mortuo]
933 3606 1023 3656 Prima
1041 3607 1133 3656 rocula
1152 3608 1228 3656 deest
1245 3607 1270 3655 in
1290 3609 1347 3657 solo

242 3684 290 3734 ius
299 3682 376 3731 Rom.
388 3690 415 3730 et
425 3680 508 3730 Attio.
520 3697 544 3731 e.
553 3686 595 3732 28.
607 3696 633 3745 p.
642 3687 700 3733 itu.
712 3685 774 3732 seri·
813 3684 874 3732 Ber.
907 3683 959 3732 Sed
971 3689 996 3732 et
1006 3683 1057 3746 ipse
1067 3684 1229 3748 quinqueremi
1246 3685 1310 3733 Lot.
1320 3689 1345 3735 2.

242 3759 281 3808 bit
304 3772 437 3808 numerum
458 3772 585 3808 remorum
609 3759 774 3809 celeritatem
813 3768 839 3809 et
852 3759 969 3825 quiedam
980 3760 1041 3809 edd.
1050 3761 1148 3826 antiqq.
1181 3761 1246 3810 Tntn
1265 3768 1350 3825 portu,

241 3836 353 3899 navigiis
364 3834 478 3884 addere:
497 3835 534 3882 its
547 3836 614 3883 euim
632 3836 775 3901 ‘quinque
813 3839 906 3888 omissa
929 3839 1115 3903 propositione
1132 3853 1154 3900 e,
1177 3837 1246 3888 Flor.
1268 3840 1347 3892 Voss.

242 3924 338 3961 rentem
351 3911 358 3933 ’
375 3910 444 3973 apud
463 3911 566 3962 Lirinm
584 3916 592 3939 ‘
605 3911 757 3962 celeriorem
769 3912 776 3935 ’
813 3914 878 3963 Lov·
890 3919 912 3964 1.
923 3920 949 3966 2.
958 3920 983 3966 ti.
993 3921 1016 3965 5.
1027 3915 1101 3965 Harl.
1113 3921 1141 3964 et
1151 3913 1219 3963 Har.
1234 3930 1266 3964 ex
1275 3922 1347 3980 portu

241 4001 300 4036 esse
312 3985 493 4036 ‘triremlbuu’
510 3989 638 4039 Fortunio
647 3995 708 4039 ante
716 4004 777 4040 oeu-
813 3990 876 4039 Ber.
886 3990 997 4041 Gaertn.
1005 3999 1032 4040 et
1041 3990 1101 4040 edd.
1110 3998 1172 4040 eote
1180 3990 1259 4041 Frob.
1271 3994 1346 4043 1595.

242 4065 280 4113 los
300 4063 508 4128 itabuiteo'quae
528 4065 774 4117 inuitissimus.
813 4064 1006 4116 HinoCortiioe
1018 4067 1082 4116 bor.
1100 4071 1122 4116 i.
1149 4068 1264 4129 Curtegoe
1282 4069 1347 4118 Lor-

241 4141 775 4206 1535515555*Ε555(515555Ρ55155)5555
813 4146 839 4192 2.
863 4146 977 4207 Corpe‘goe
1001 4143 1069 4193 Har.
1095 4144 1204 4206 Corpeioe
1227 4145 1299 4194 l'lor.
1318 4153 1347 4196 et

243 4217 421 4281 quadriremes
447 4219 658 4282 quinqueremem
681 4219 774 4268 Roma·
813 4220 890 4270 Heri.
919 4207 1022 4271 cortine
1040 4222 1100 4270 Lov.
1113 4225 1137 4267 5.
1164 4219 1299 4270 Praetereo
1311 4237 1347 4272 oe·

242 4309 301 4343 nam
322 4308 354 4344 ex
373 4295 425 4344 olto
438 4304 547 4361 repente
559 4311 686 4361 aggressae
699 4308 775 4360 sunt;
812 4298 937 4363 quentiiur
959 4298 1004 4350 Vi.
1025 4297 1163 4348 triremibus
1181 4298 1293 4350 Heurnii
1312 4300 1347 4349 D.
