2975 4950
357 435 390 479 r.
419 401 512 480 urvri
542 436 634 481 mer.
664 437 736 482 1111.
763 438 896 484 xxvrn.
925 439 1005 485 can.
1033 427 1086 485 26.
1190 429 1295 490 10343

139 576 182 631 ria
195 576 360 649 Carthagine
375 579 421 649 qui
440 598 510 634 nnuc
529 580 674 652 Exspectat
685 582 699 635 :’
738 600 805 646 rum,
814 583 1105 655 quiKartlraqt'uieneis
1113 587 1240 651 scribunt,
1248 607 1296 643 nu·

140 652 318 724 Carthagine,
342 673 391 726 pro
419 657 582 727 Carthagini,
606 665 635 712 et
651 676 700 730 pro
740 677 842 714 merum
855 668 956 731 augent
969 662 1060 732 Sigon.
1073 662 1108 718 ad
1121 663 1193 735 Epir.
1208 664 1295 720 Linl.

141 730 273 785 adverbio
292 731 320 786 in
345 732 414 796 loco,
442 734 476 787 de
503 735 564 789 loco
589 736 702 806 posuit’
740 752 799 790 xrv.
839 737 944 791 Cottius
962 738 998 792 ud
1011 739 1073 793 Sall.
1089 739 1168 794 Catil.
1181 758 1205 795 c.
1218 738 1293 813 5l.§

141 807 226 867 Quod
252 809 275 862 si
294 809 456 878 cogitassent
473 811 522 864 viri
541 811 621 875 docti,
647 830 701 866 uon
738 818 765 866 6.
784 820 812 868 et
829 814 879 868 viri
906 814 978 869 docti
1001 814 1036 869 ad
1065 815 1154 870 Frout.
1174 832 1193 871 1.
1215 822 1242 871 2.
1267 823 1293 872 3.

137 894 297 953 negassent,
305 895 371 958 puto
390 887 626 956 Cartluaqinieasis
638 907 702 943 ane·
738 888 864 957 Ejusdem
877 890 1006 961 analogiae
1024 900 1066 946 est
1087 893 1294 958 ‘Viboniensis’

135 961 214 1032 logia
232 981 332 1018 carere.
382 964 431 1018 Est
452 966 523 1018 enim
540 965 569 1018 id
586 984 701 1038 concep-
738 964 773 1019 de
786 966 912 1037 quotide
926 968 960 1021 ad
973 965 1113 1040 xx1.5l.§
1125 974 1151 1023 4.
1260 997 1263 1002 ⁴

134 1046 196 1092 tum
208 1040 286 1110 quasi
299 1041 332 1094 ab
345 1039 534 1111 ‘Carthagini'
545 1061 599 1097 nou
616 1044 700 1097 ‘Car·
767 1037 808 1113 §2
824 1044 1023 1115 Certabautque
1031 1048 1177 1116 sententiis]
1192 1046 1293 1102 Omnes

134 1115 248 1185 thagine
261 1118 286 1169 ε’
320 1125 413 1171 notum
441 1126 529 1173 autem
557 1122 568 1172 i
591 1119 699 1189 longum
735 1120 789 1173 mei
801 1122 1030 1192 certabaturquer
1050 1140 1138 1193 neque
1151 1123 1227 1178 aliter
1245 1125 1294 1178 eti·

133 1192 165 1244 in
185 1192 337 1261 hujusmodi
358 1198 455 1247 ἐθνικῶν
474 1196 631 1250 formatione
644 1215 698 1250 non
737 1213 781 1249 arn
795 1195 907 1250 Hearnii
921 1197 953 1252 L.
969 1203 991 1252 l.
1004 1205 1032 1251 et
1046 1198 1081 1251 N.
1097 1217 1157 1253 cum
1169 1199 1230 1253 edd
1248 1217 1294 1253 an·

134 1286 247 1341 semper
264 1270 337 1325 elidi.
387 1271 432 1327 Sic
456 1272 575 1336 Latinus,
600 1273 698 1336 Latini,
736 1272 802 1343 tiqq.
824 1271 962 1344 usquead
982 1274 1113 1337 Medium,
1134 1276 1179 1346 qui
1200 1294 1294 1348 opera·

134 1345 310 1401 Latiniensis.
350 1347 445 1403 Cicero
463 1348 497 1403 de
519 1349 697 1421 Haruspicum
735 1367 793 1403 rum
801 1367 889 1404 errore
897 1350 1209 1422 deditcertabauturque.
1228 1352 1293 1422 Ejus

135 1422 289 1495 Responsis
313 1443 372 1496 cap.
394 1429 435 1480 10.
461 1426 560 1488 ‘Quod
577 1427 605 1479 in
633 1444 696 1496 agro
736 1426 797 1480 loco
818 1427 915 1481 deinde
935 1428 1064 1482 Gruterus
1084 1428 1112 1482 in
1137 1428 1180 1483 ed.
1199 1428 1293 1484 ultima

133 1499 289 1554 Latiniensi
310 1502 416 1556 auditus
433 1511 473 1557 est
493 1504 617 1575 strepitus
636 1521 696 1558 cum
735 1503 871 1558 substituit
886 1506 1084 1575 certabantque,
1096 1505 1168 1576 quod
1180 1507 1293 1560 recenti·

134 1576 265 1632 fremitu?
325 1580 483 1644 Aventinus,
504 1580 640 1643 Aventini,
660 1580 698 1633 A·
735 1597 796 1634 ores
809 1590 1063 1636 omnesservarunt.
1091 1583 1198 1646 Verum,
1210 1601 1291 1654 quum

130 1654 321 1708 ventiniensis.
372 1656 493 1710 Valerius
514 1656 649 1711 Maximus
671 1662 694 1711 l.
734 1658 816 1711 etiam
829 1658 891 1712 Put.
905 1659 1111 1729 certabaturque
1122 1659 1246 1730 preferre
1256 1678 1291 1714 ex

132 1747 222 1785 vrnc.
235 1737 262 1784 3.
275 1731 423 1804 ‘Quisquis
435 1751 494 1787 earn
509 1734 696 1788 Auentiniensi
735 1733 838 1787 Sallier.
857 1734 1005 1799 didicerim,
1016 1753 1069 1789 non
1089 1735 1209 1791 dubitavi
1226 1738 1290 1808 quin

133 1807 429 1865 Diauaeimmolas'set’
466 1811 510 1865 Sic
532 1811 696 1881 Carthagini,
733 1809 1120 1883 hanolectionemreciperem.

132 1885 376 1956 Carthaginiensis.
424 1887 521 1959 Neque
546 1907 619 1952 vero,
649 1888 695 1959 qui
759 1888 1017 1960 Haudquaquam
1029 1892 1291 1961 quinqueettn'qiu·

135 1962 411 2031 Carthaqiuiensium
419 1965 544 2029 scribunt,
552 1965 579 2018 id
592 1973 695 2019 tantum
733 1968 771 2033 ta]
788 1964 882 2036 Polyb.
902 1970 1002 2019 11120.
1038 1965 1113 2017 οὗτοι
1130 1966 1156 2017 δὲ
1172 1965 1237 2026 ἦσαν
1256 1968 1290 2020 εἷς

126 2040 238 2095 faciunt
262 2041 342 2094 Ennii
362 2042 518 2096 auctoritate
540 2042 647 2105 suffulti,
665 2051 695 2096 ut
732 2040 806 2092 πέντε
817 2044 856 2092 sal
865 2041 996 2108 τριάκοντα
1006 2043 1051 2093 τὸν
1063 2042 1168 2107 ὀριθμόν.
1193 2044 1288 2112 Siqua.

127 2118 172 2171 ait
193 2118 234 2171 vir
252 2117 346 2171 doctus
365 2118 400 2171 ad
426 2118 554 2183 Curtium,
577 2119 625 2174 sed
647 2120 695 2172 im·
756 2112 772 2187 §
782 2122 799 2171 3
816 2117 939 2181 (stands
946 2119 1098 2188 ortuculoa
1107 2123 1184 2189 esset]
1193 2118 1251 2173 Pal.
1264 2125 1287 2173 l.

126 2195 227 2265 primis
251 2194 388 2249 Columnas
402 2195 534 2251 Rostrata
549 2196 621 2251 bello
641 2196 695 2251 Pu·
730 2194 933 2264 ut‚uudeeulpa
946 2203 1090 2259 cesama,
1098 2196 1289 2265 11110011αο00-

125 2272 197 2326 nico
214 2272 300 2343 primo
321 2290 338 2326 a
358 2271 466 2326 Duellio
483 2274 592 2328 consule
611 2281 694 2328 struc-
730 2272 851 2326 sisteret:
872 2274 913 2326 ad
933 2273 1129 2326 multitudinem
1141 2275 1210 2327 satie
1231 2291 1288 2327 esse

125 2353 175 2412 tae,
209 2348 259 2403 sed
288 2349 527 2420 antiquissimorum
561 2350 691 2414 codicum,
730 2350 942 2416 castiqatiouem.
957 2348 1045 2403 Gebh.
1075 2350 1178 2404 Pariter
1197 2350 1288 2404 inveni

125 2426 205 2480 inter
216 2444 283 2498 quos
295 2426 406 2497 insignis
422 2426 467 2482 ille
485 2428 646 2492 Puteaneus‚
665 2434 693 2482 et
730 2424 758 2478 in
768 2423 846 2480 Voss.
860 2426 927 2480 Lor.
938 2427 1062 2499 quinque,
1074 2427 1211 2482 Harleian.
1226 2428 1287 2482 Ber.

125 2504 254 2575 quisquis
276 2505 411 2568 vetustior,
430 2505 478 2560 sed
497 2504 634 2568 Prisciani,
646 2506 692 2576 qui
733 2502 843 2558 Gaertn.
876 2503 947 2559 Hau.
973 2513 1002 2559 et
1030 2504 1093 2560 edd.
1119 2514 1180 2560 aute
1208 2505 1287 2560 Frob.

85 2638 90 2647 ¹
126 2581 225 2652 plures
247 2580 351 2652 lapides
375 2582 586 2654 integrioresque
609 2583 691 2637 libros
733 2584 810 2635 1535.
837 2581 960 2644 111,οηάο
970 2582 1052 2652 atqua
1064 2582 1286 2637 ortaesretFlor.

127 2658 220 2712 oeulis
238 2659 384 2731 usurpavit,
409 2667 438 2714 et
465 2661 584 2729 ejusdem
603 2655 693 2714 analo·
760 2652 1073 2729 §4Cousiliodr'missoJ
1094 2658 1205 2730 Itapro
1219 2660 1288 2713 Gou-

126 2735 185 2805 giae
213 2734 286 2789 aliud
312 2737 463 2808 exemplum
493 2737 540 2792 dat
568 2738 597 2790 in
624 2754 691 2792 voce
730 2735 925 2799 ciliodimisso,
945 2735 1088 2806 legendum
1110 2742 1201 2789 monet
1216 2734 1241 2788 J.
1256 2735 1286 2789 F.

126 2812 376 2868 ‘Crotoniensis’
425 2813 506 2875 Quod
535 2814 692 2869 confirmant
731 2810 850 2866 Gronov.
872 2812 908 2866 ad
920 2829 996 2876 xurv.
1009 2807 1101 2882 215.
1114 2811 1195 2883 idque
1214 2828 1287 2866 rece-

127 2889 215 2944 codd.
241 2891 347 2944 Liviani
366 2908 451 2946 xxrx.
464 2896 507 2946 36.
520 2899 548 2946 et
556 2891 601 2946 lib.
616 2908 689 2945 xxrr.
728 2888 846 2959 pitlac.
861 2889 979 2942 Gronov.
995 2889 1093 2942 Recte.
1130 2888 1227 2959 Neque
1240 2888 1288 2942 ali·

125 2975 263 3022 extremo.
275 2969 345 3022 J.F.
358 2970 443 3023 Grau.
468 2969 692 3041 Gartltaqiueusis
729 2974 772 3019 ter
790 2967 878 3020 estin
897 2966 967 3020 Flor.
988 2973 1025 3030 et,
1043 2983 1097 3020 uno
1121 2973 1224 3020 tantum
1242 2965 1286 3020 vel

124 3047 247 3117 probant
261 3045 380 3115 Scaliger
398 3046 433 3100 ad
446 3047 535 3119 Priap.
553 3064 632 3100 carm.
646 3050 690 3100 32.
730 3043 815 3098 altero
847 3051 970 3115 excepto,
1008 3043 1142 3115 plerisque
1177 3043 1286 3114 reliquis

127 3120 247 3176 Vossius
273 3122 307 3176 de
328 3122 528 3176 Art..Gramm.
554 3141 573 3177 1.
592 3128 635 3177 43.
663 3130 691 3178 et
730 3120 808 3174 codd.
835 3121 909 3174 meis.
959 3120 1084 3175 Similiter
1113 3122 1194 3175 etiam
1224 3120 1285 3176 edd.

127 3199 253 3254 Freinsh.
263 3201 290 3253 in
305 3199 364 3253 lnd.
385 3199 520 3264 curtiano,
530 3218 597 3255 voce
609 3209 617 3232 ⁴
627 3200 692 3255 Car·
732 3196 810 3251 Rom.
826 3198 902 3251 1472.
916 3215 947 3251 ae
961 3196 1048 3251 Parin.

125 3276 231 3347 thago’
251 3276 605 3346 ContraGartluaqinieusie
618 3277 691 3332 Poli·
757 3274 1045 3343 Expeditioadoereus
1052 3275 1232 3330 Mandonium
1241 3277 1287 3328 Iu-

126 3354 194 3408 tian.
210 3353 261 3425 Ep.
274 3372 300 3408 v.
313 3360 339 3422 3.
360 3353 454 3408 Rivius
467 3354 502 3408 ad
514 3353 578 3408 Sall.
591 3354 652 3424 lug.
665 3372 689 3408 c.
730 3351 898 3421 attilaeque,
920 3355 977 3423 10]
999 3351 1094 3423 Polyb.
1116 3352 1179 3406 ibid.
1201 3354 1240 3416 τῷ
1259 3352 1285 3402 δὲ

125 3436 152 3484 5.
174 3430 263 3484 Aldus
284 3431 314 3484 in
334 3430 459 3501 Orthogr.
479 3439 508 3485 et
524 3431 643 3486 Borrlch.
662 3431 690 3485 in
728 3438 781 3496 μεθ’
793 3436 880 3485 ἑαυτοῦ
895 3435 1051 3501 στρατοπέδῳ
1060 3435 1211 3502 παρήγγειλε
1226 3436 1285 3500 πρὸς

128 3507 248 3578 Cogitat.
268 3508 303 3562 de
324 3507 402 3578 Ling.
423 3509 483 3563 Lat.
504 3509 550 3563 ubi
571 3509 626 3564 fere
645 3526 690 3563 ea·
729 3512 823 3578 ἡμερῶν
833 3517 904 3578 τριῶν
915 3510 1000 3578 ἐφόδια
1015 3511 1236 3578 παρασκευάζεσθαι
1251 3513 1286 3564 εἷς

126 3583 189 3639 dem
215 3585 314 3649 omnia,
337 3603 397 3656 quae
419 3584 464 3641 hic
488 3580 560 3657 apud
585 3586 690 3640 Grono·
727 3589 805 3640 πλείω
815 3587 995 3654 χρόνονῶςέπὶ
1010 3590 1056 3640 τὸν
1070 3589 1222 3650 Ἀνδοβάλην
1241 3610 1286 3639 πο-

81 3678 83 3681 ’
126 3662 210 3724 vium,
227 3662 362 3733 leguntur.
400 3663 435 3718 Et
454 3663 506 3718 hoc
530 3663 587 3717 sine
608 3664 689 3718 dubio
729 3665 856 3732 ρευομένφ.
892 3667 986 3735 Siqua.

125 3739 217 3793 verius
231 3748 281 3794 est.
295 3741 401 3795 Duker.
443 3739 688 3810 GartltaqiuiFlor.
763 3742 805 3797 Et
819 3743 1040 3797 cibariadierum
1062 3743 1167 3813 aliquot
1178 3760 1286 3812 parare

128 3816 209 3870 Voss.
224 3817 293 3870 Lov.
307 3822 329 3872 l.
342 3823 368 3871 2.
381 3823 407 3872 3.
420 3817 495 3873 Harl.
509 3817 615 3890 aliique,
628 3836 688 3873 cum
720 3819 861 3889 jubentur]
873 3819 930 3874 Pal.
946 3824 969 3874 1.
984 3828 1010 3874 et
1021 3821 1126 3873 cibaria
1134 3838 1226 3874 eorum
1235 3821 1294 3873 uli-v

129 3892 244 3948 Heamii
265 3894 296 3948 L.
319 3899 342 3948 l.
362 3903 390 3948 et
411 3896 446 3949 N.
484 3896 553 3950 Vide
568 3895 686 3950 Gronov.
728 3904 800 3965 quot.
839 3896 897 3950 Pal.
916 3901 942 3950 2.
960 3897 1099 3953 οιηίῐῐίῖτὸ
1117 3906 1150 3951 et.
1189 3897 1246 3951 Pal.
1259 3902 1285 3952 3.

125 3969 573 4045 adSenec.contr.1.1.etquae
596 3974 688 4027 notavi
728 3991 835 4044 quoque
860 3982 887 4027 et
909 3975 1030 4045 praeciso,
1051 3975 1157 4028 0110νί0
1181 3976 1286 4029 dierum

124 4047 162 4101 ad
183 4047 244 4102 Liv.
258 4066 352 4102 xxvrr.
362 4043 414 4120 5,§
431 4054 471 4103 ll.
488 4067 563 4105 xxx.
578 4055 621 4104 44.
634 4044 648 4122 d
662 4056 688 4104 4.
727 4051 833 4120 aliquot
838 4053 943 4120 parari
944 4053 1067 4120 jubetur.
1096 4050 1182 4106 Gebh.
1206 4054 1239 4103 ’rt
1258 4061 1287 4105 et

126 4140 215 4178 xxx1.
230 4122 298 4197 ll.§
314 4132 338 4180 7.
352 4126 386 4181 ad
400 4127 471 4199 Epit.
486 4128 686 4182 l.iv.l.xxv111.
728 4127 833 4182 exsulat
845 4128 925 4181 etiam
945 4147 961 4182 a
981 4129 1048 4182 Lov.
1061 4134 1086 4183 3.
1124 4128 1230 4183 Deinde
1249 4131 1286 4182 ci·

125 4201 146 4256 1.
160 4219 260 4257 xnvur.
273 4204 331 4258 etl.
346 4221 426 4258 xurx.
446 4204 530 4259 Simili
543 4206 622 4261 modo
632 4207 689 4260 La·
727 4207 808 4260 baria
818 4223 908 4259 eorum
920 4206 1026 4276 aliquot
1036 4206 1104 4261 Flor.
1116 4206 1193 4260 Cant.
1206 4206 1284 4259 Voss

125 4283 279 4344 accamoni,
298 4300 348 4354 pro
360 4284 561 4346 Lucudamoru,
580 4284 687 4356 quidam
727 4293 756 4338 et
770 4282 837 4337 lior.
851 4287 872 4335 1.
892 4288 917 4337 2.
956 4283 1025 4337 Tum
1042 4287 1146 4354 parari
1154 4285 1285 4353 jubentur

127 4358 207 4411 codd.
221 4359 361 4431 praeferunt
380 4377 471 4415 xxxv.
491 4356 558 4432 35.§
575 4366 596 4414 l.
636 4361 688 4415 Eo·
730 4361 797 4415 Lov.
813 4366 837 4415 3.
848 4378 879 4416 ec
890 4366 914 4414 4.
