2975 4950
326 392 359 434 n.
389 390 482 434 nrvn
511 390 605 433 nter.
635 389 707 432 nm.
735 390 866 436 xxvnr.
895 392 976 437 ene.
1005 380 1056 437 24.
1162 382 1265 440 10335

4 538 5 587 ζ
109 536 305 608 pinorumque
317 534 437 604 ejusdem
451 534 483 587 L.
499 533 601 589 uvido
611 551 671 606 quse
711 552 818 607 quoque
840 537 953 591 maxime
984 538 1095 593 adridet.
1133 539 1176 594 De
1196 540 1269 594 locu·

4 634 5 649 ³
113 622 237 669 notentur
250 613 287 668 ud
300 612 358 666 Silii
368 629 410 665 111.
422 616 483 665 372
710 613 785 666 tione
816 614 963 676 ‘udiertun’
991 614 1124 669 ‘adlatum
1145 617 1202 679 est}
1231 616 1269 670 ite

145 689 234 762 §5112
246 692 348 744 castris
360 691 401 742 ad
409 689 564 756 Sucronem]
578 685 673 739 Sucro·
711 689 866 761 simpliciter
895 691 1022 755 adhibito,
1052 691 1113 747 vide
1140 693 1175 746 sd
1194 709 1269 747 xxn.

4 748 5 799 Ῑ
112 768 150 822 nis
168 766 270 824 eodem
287 766 316 820 in
337 765 399 821 loeo
422 763 542 818 meminit
561 762 672 816 Plinius.
715 764 780 838 led
793 772 833 820 ΙΙ.
871 767 966 822 Paullo
987 776 1050 823 ante
1071 769 1158 823 Mete
1179 787 1269 823 eorum

113 844 276 899 Ptolemaeus
302 842 373 898 uitro
393 841 544 895 Valentiam
572 839 671 893 statuit.
713 852 802 897 estem
814 852 912 898 munes
923 852 985 898 sunt
1002 844 1071 899 Flor.
1086 845 1154 899 Lor.
1169 850 1192 899 l.
1205 850 1231 899 2.
1242 850 1269 899 3.

113 921 144 975 ld
156 929 249 976 nutem
267 920 371 982 mirum,
389 917 522 990 quomodo
535 916 563 971 hi
575 916 672 970 milites
715 919 791 974 Harl.
806 919 916 974 Geertn.
931 920 1002 975 Hsv.
1015 930 1043 975 et
1060 921 1121 977 edd.
1131 931 1193 976 onte
1207 922 1271 976 Fro-

113 997 264 1052 Mandonio
294 995 455 1066 indibiiique
482 993 608 1064 conjungi
625 1011 673 1065 po·
713 997 774 1051 ben.
786 1001 863 1051 15³5.
883 996 938 1050 Sed
947 996 1053 1052 vidend
1066 1016 1103 1052 vr.
1119 1003 1158 1053 17.
1171 994 1186 1070 d
1199 1004 1225 1054 3.

3 1116 4 1119 =
111 1076 218 1138 tuerint,
231 1072 397 1146 interpositis
417 1080 458 1126 tot
476 1070 568 1125 amicis
588 1087 673 1142 popu·
728 1071 874 1128 'Licentia
886 1092 919 1127 en
931 1076 1043 1138 diutino,
1054 1076 1137 1142 utfit,
1149 1077 1272 1131 etiamn

3 1162 5 1221 Γ
111 1153 150 1216 11⁸2
167 1152 302 1206 Edetanis
323 1168 355 1205 80
373 1148 552 1203 Suessitanis=
571 1145 673 1219 ipsslul·
712 1152 791 1220 lecto]
821 1150 893 1206 Huic
911 1151 1025 1206 licentiae
1044 1153 1159 1207 msxime
1181 1170 1272 1207 oceur·

3 1252 5 1279 z
111 1240 151 1284 tra
176 1229 297 1291 Iberum,
318 1225 470 1299 praeflldiuul
490 1224 614 1294 gentibus
634 1222 672 1275 οἰδ
712 1227 823 1283 rendum
843 1246 903 1282 esse
915 1228 1039 1301 prudenti
1059 1229 1219 1301 imperatori,
1237 1231 1272 1282 sit

3 1310 4 1371 i
112 1306 235 1361 Iberum:
259 1303 424 1359 Mandonius
444 1309 532 1356 autem
550 1318 582 1354 2⁰
601 1298 674 1352 Indi·
714 1305 811 1377 Polyb.
823 1304 868 1359 lib.
881 1322 912 1358 ιι.
932 1305 978 1359 ubi
990 1306 1024 1359 de
1037 1305 1088 1359 hae
1101 1323 1130 1359 re
1142 1306 1206 1375 ogit.
1226 1307 1272 1360 Si·

111 1384 169 1440 bilis
181 1383 252 1438 citro
266 1382 383 1435 iberum.
423 1378 522 1431 Merito
541 1376 600 1431 hoeo
619 1375 674 1429 leo·
711 1400 774 1452 90'1·
813 1381 920 1436 Gruteri
938 1381 982 1436 ed.
1005 1382 1099 1436 ultimo
1115 1382 1222 1453 prefert
1239 1401 1272 1436 ex

3 1458 4 1499 3
111 1461 169 1524 tori,
201 1467 232 1514 ut
257 1459 379 1520 obscure,
405 1454 516 1510 indicari
539 1459 672 1533 poterunt,
713 1461 849 1522 diuturno,
870 1457 899 1511 id
923 1476 975 1529 que
992 1475 1085 1512 omnes
1110 1459 1272 1514 recentiores

3 1536 4 1585 i
117 1543 197 1598 Glor.
217 1542 270 1596 Ad
279 1542 423 1595 Sutronem
438 1536 509 1591 Her.
522 1537 562 1590 od
575 1536 674 1590 Succo-
712 1545 858 1591 serverunt.
879 1534 951 1596 Quin
965 1545 1001 1597 et,
1013 1553 1095 1607 quum
1111 1553 1204 1590 omnes
1213 1536 1273 1590 sile·

2 1654 3 1667 ÷
110 1637 168 1674 seru
183 1618 300 1675 Hesrnii
314 1616 345 1670 L.
358 1616 398 1670 ad
410 1614 539 1671 nuceum
551 1613 673 1682 eiusdem
714 1621 768 1676 snt,
786 1611 851 1684 quid
879 1612 908 1666 in
938 1611 1017 1667 codd.
1038 1613 1092 1666 sois
1119 1614 1273 1690 repererint,

2 1708 3 1765 ξ
117 1696 143 1749 N
713 1691 788 1744 latet
815 1688 1060 1761 Smpequidemhae
1071 1706 1152 1743 voees
1164 1690 1192 1743 in
1204 1690 1272 1743 Mss.

2 1816 3 1849 3
145 1735 267 1844 ddNon
279 1778 342 1832 trem,
355 1767 674 1838 qusnprismemdevna
713 1774 917 1822 commutentur.
956 1764 1024 1820 Vide
1049 1765 1084 1820 sd
1107 1782 1144 1819 ιν.
1163 1770 1207 1820 32.
1247 1772 1273 1820 6.

2 1860 3 1869 ’
111 1843 674 1920 supararmnmeiirunornadlatisunt]
716 1861 741 1896 v.
765 1847 806 1896 ll.
827 1838 842 1914 d
867 1849 893 1897 5.
912 1860 949 1896 vr.
961 1838 1032 1914 {izi
1051 1848 1077 1896 2.
1097 1848 1195 1896 vrrnd.
1213 1761 1273 1914 iii.

2 1916 3 1981 i
113 1922 436 1980 OmnesGdenontnm
450 1922 580 1990 primum,
592 1937 674 1989 wem
717 1914 1274 1991 xx1v.18.§2.xxv111.8.§l.xxxrx‚

2 2014 3 2043 ἒ
111 2004 145 2058 de
164 2005 233 2057 vita.
273 1998 379 2054 Deinde
407 1996 469 2050 Put.
497 1995 566 2065 Reg.
600 1995 674 2049 Men.
714 1991 785 2067 51.§
809 2002 833 2050 9.
854 2002 932 2051 (3.56.
953 1990 968 2066 d
990 2001 1016 2050 2.
1037 1996 1107 2050 viros
1128 1995 1222 2050 doctos
1239 1995 1274 2050 sd

112 2080 243 2150 ignorent
252 2093 348 2131 vocem
360 2091 488 2129 moseres.
526 2071 628 2143 Regius
637 2073 677 2125 in·
716 2074 791 2127 Suet
806 2072 891 2143 Colig.
913 2090 936 2127 e.
957 2077 980 2126 l.
997 2080 1025 2126 et
1044 2072 1080 2127 sd
1093 2072 1153 2126 Vol.
1168 2071 1241 2126 Mar.
1254 2089 1274 2125 1.

108 2165 153 2211 ter
162 2156 218 2210 hos
230 2154 309 2208 dcciii
320 2151 578 2207 ullansunrmntii.
605 2147 676 2203 Puto
715 2154 741 2205 8.
754 2155 780 2203 2.
793 2158 822 2204 et
833 2167 875 2203 111.
887 2155 913 2204 3.
922 2149 1005 2221 princ
1038 2148 1092 2203 Hie
1109 2157 1200 2203 tamen
1216 2151 1276 2202 diu·

111 2233 182 2302 irene
196 2248 292 2287 vocem
304 2230 333 2283 in
345 2228 528 2303 antiquissimo
542 2226 602 2281 eod
618 2244 677 2280 eor·
715 2230 772 2281 tino
787 2227 898 2288 restitui,
916 2228 980 2298 quis
997 2227 1035 2280 ita
1048 2227 1138 2280 inveni
1150 2227 1179 2279 in
1190 2226 1276 2279 omni·

2 2312 3 2363 3
114 2319 224 2382 ruptam
235 2324 297 2363 esse
309 2307 337 2360 in
348 2307 457 2360 verbum
474 2303 676 2366 substnntivum,
716 2305 767 2358 bus
779 2304 854 2358 meis.
875 2302 943 2359 Vide
953 2304 988 2357 sd
1001 2321 1071 2358 xxv.
1080 2309 1104 2357 7.
1117 2298 1132 2374 ᾗ
1143 2307 1183 2356 ll.

1 2421 2 2452 2
112 2405 168 2443 une
189 2392 302 2447 mutate,
324 2382 426 2437 duabus
447 2380 552 2435 omissis
575 2380 677 2434 literis:
752 2376 797 2452 §7
807 2382 951 2451 Acprimo
963 2399 1096 2435 semones
1113 2388 1217 2434 tantum
1235 2398 1277 2435 oe·

1 2492 2 2527 ]
112 2464 176 2520 hine
195 2481 231 2518 ex
254 2479 335 2516 seusu
356 2458 486 2529 adjecisse
508 2458 678 2521 recentiores,
716 2460 783 2515 nslti
789 2460 956 2530 serebantur]
966 2459 1026 2513 Put
1037 2457 1106 2529 Reg.
1117 2457 1191 2512 Men.
1198 2456 1275 2511 Voss.

1 2552 2 2557 ’
113 2543 182 2597 alios
200 2557 331 2600 rumores,
343 2537 410 2592 ulios
421 2538 527 2594 nuntiis
545 2534 678 2590 cumolim
717 2537 905 2607 Aeprimeres
914 2544 1018 2591 tautum
1027 2536 1125 2590 occulti
1130 2558 1138 2587 .·
1157 2534 1200 2588 vei
1216 2536 1278 2603 pri·

111 2617 408 2681 fuissetMotaeautem
419 2623 518 2670 etentes
527 2631 679 2668 certamnen
717 2627 823 2667 mones.-
841 2613 890 2667 sed
906 2613 972 2668 iliud
989 2614 1017 2666 in
1031 2613 1092 2667 Put.
1121 2611 1221 2674 Scribe,
1234 2611 1277 2664 Ae

1 2688 2 2713 t
404 2693 409 2703 .
453 2693 459 2703 .
585 2692 601 2703 ..
758 2692 763 2702 .
1144 2690 1150 2700 .

1 2814 2 2837 t
112 2690 679 2843 tgmmsstrpifflbnjsserpzzttgnP·Qdfflfflt
711 2688 1278 2836 ierim-irgimdirdisiaiddzlrffladgenizi

1 2860 2 2921 ξ
112 2850 196 2905 liceat
205 2843 678 2915 &dmudummstproulletnmeste
717 2844 784 2899 culti
794 2844 872 2898 Ceut
896 2843 1039 2912 deprimo
1056 2859 1101 2895 res
1117 2849 1220 2895 tantum
1236 2858 1278 2894 ec-

1 2930 2 2995 }
113 2928 216 2999 quippe
236 2925 288 2978 isto
309 2922 389 2976 modo
413 2921 558 2992 saepissime
582 2920 610 2973 in
631 2938 679 2991 op·
717 2922 783 2975 culti
801 2921 870 2974 Fior.
897 2921 942 2975 Ac
953 2921 1047 2989 primo
1059 2937 1102 2972 res
1114 2926 1218 2971 tannem
1236 2935 1278 2970 oe-

1 3008 2 3011 ’
114 3004 181 3058 timo
199 3001 271 3057 libro
290 3000 401 3053 verbum
423 2997 617 3053 substantivum
636 3015 680 3051 eo·
720 2999 790 3053 meite
803 2998 881 3052 Voss.
891 2998 958 3051 Lov.
969 3001 992 3051 l.
1003 3001 1029 3050 2.
1040 3004 1067 3050 et
1082 2994 1159 3050 Heri.
1171 2994 1280 3063 Aeprr'-

1 3156 2 3165 ἵ
114 3081 219 3142 hoeret;
238 3094 293 3132 non
311 3075 384 3149 quod
401 3076 439 3129 ite
459 3075 565 3129 Livium
582 3073 679 3129 secisse
718 3071 1202 3129 mntmnmoewlnnemniim.
1216 3071 1278 3125 Non

115 3165 219 3232 putem,
246 3155 296 3210 sed
314 3152 515 3226 compendium
545 3151 679 3206 exstitisse
719 3152 789 3205 mule
811 3152 900 3206 sensui
919 3151 1040 3214 consulit,
1064 3149 1110 3222 qui
1126 3148 1171 3203 Ae
1185 3150 1279 3218 primo

1 3220 2 3263 ³
115 3244 182 3308 puto
199 3232 374 3288 domnorum.
412 3230 454 3283 ex
474 3247 508 3284 00
532 3228 609 3291 neue
629 3227 680 3283 run
719 3247 852 3284 sumam
864 3228 952 3283 deut:
970 3237 998 3283 n
1019 3227 1113 3282 merus
1129 3225 1174 3280 Ac
1186 3227 1279 3295 primo

116 3315 441 3373 aunemnformared.
456 3314 489 3367 F.
505 3313 590 3367 oron.
615 3313 693 3378 Non¹
719 3324 840 3360 rumores
861 3304 1037 3369 scribendum,
1057 3323 1092 3357 ex
1112 3304 1182 3356 Flos.
1200 3302 1283 3355 resti-⁴

1 3422 2 3475 ζ
116 3389 679 3465 tumprimnmqummdeuituetismvoss.
719 3385 772 3455 giis
791 3383 907 3453 conjecit
930 3381 1011 3436 etiem
1033 3379 1174 3435 Sslvinius.
1213 3378 1280 3431 Mox

1 3490 2 3529 3
120 3472 187 3526 Lov.
207 3469 314 3525 nun.
327 3467 471 3540 etquidem
480 3466 533 3521 ulii.
571 3465 679 3521 Deinde
721 3477 802 3515 voces
815 3462 883 3529 quid
889 3477 946 3514 sese
958 3460 1028 3512 inter
1036 3466 1154 3527 pacatos
1157 3457 1280 3526 facere!

118 3549 194 3603 dunis·
214 3548 298 3601 allati
316 3553 379 3608 runt
396 3545 473 3598 Voss.
485 3552 514 3598 et
528 3542 604 3598 Harl.
616 3559 682 3614 quo-
719 3532 1280 3606 sidedellutwnjumeteonfeetuproniueia

117 3644 176 3680 rum
187 3625 261 3697 prior
279 3624 308 3677 in
319 3623 438 3691 margine
457 3621 534 3675 dubii
549 3637 682 3675 sermones
721 3623 791 3669 esset
799 3613 896 3667 desunt
907 3615 936 3668 in
948 3612 1023 3667 Harl.
1036 3620 1065 3665 et
1074 3610 1186 3664 Heamii
1200 3608 1235 3660 N.
1249 3607 1281 3659 li·
1300 3678 1303 3683 Ι

104 3702 201 3762 ,allati
213 3700 408 3755 ssentexhibet:
417 3716 503 3752 sermo
513 3697 590 3751 dubii
601 3697 683 3750 allati
721 3692 868 3746 brutiorum
887 3689 1066 3761 neglegentia,
1089 3688 1125 3741 ob
1145 3684 1282 3755 repetitio·

118 3787 180 3833 sunt
190 3778 260 3831 Lov.
276 3780 299 3829 l.
312 3775 361 3829 sed
378 3792 511 3830 semones
529 3772 582 3828 elie
602 3791 682 3828 msnu
721 3787 784 3824 nem
796 3772 925 3823 ruissent.
946 3767 1014 3821 Vide
1027 3763 1061 3819 sd
1074 3782 1115 3818 rx.
1130 3756 1194 3832 ll.§
1210 3766 1267 3814 11..

120 3854 296 3909 emendetur:
315 3853 392 3905 dscbii
400 3869 520 3906 mmores
532 3851 613 3904 allati
625 3850 682 3903 sine
757 3842 889 3918 §sivetu
899 3848 1020 3900 instituto
1032 3860 1065 3896 ac
1077 3840 1222 3909 discendae
1234 3841 1283 3892 mi-

121 3933 203 3986 verbo
222 3928 392 3985 substantivo
413 3928 525 3983 Hemnii
546 3927 582 3981 N.
603 3928 682 3981 dubie
721 3917 1283 3992 litice‚outimperie]1nstitutoantdiscri-

120 4009 233 4065 eduum
245 4009 284 4061 sit
297 4005 365 4060 [ιον.
376 4010 403 4059 2.
420 4012 448 4059 et
462 4005 534 4059 Har.
547 4005 629 4058 dubia
642 4004 683 4057 ul·
722 4003 793 4055 mine
799 4002 904 4055 militie
915 3998 984 4052 Flor.
994 3997 1072 4050 Voss.
1082 3996 1148 4049 Lov.
1165 3998 1187 4047 l.
1201 3991 1282 4046 Heio.

121 4086 180 4140 lota
197 4093 260 4139 sunt
280 4082 393 4138 Heernii
414 4083 446 4136 L.
461 4086 485 4135 l.
523 4081 683 4144 Crevierius,
723 4078 828 4133 etan.
837 4078 962 4131 instituto
970 4071 1246 4142 msdnaplinatov.
1256 4073 1282 4121 2.

121 4163 150 4217 in
163 4162 264 4217 Victor.
278 4161 360 4215 etium
371 4160 510 4215 inveniens
523 4160 601 4213 dubie
614 4158 684 4212 uldr-
726 4156 803 4211 Harl.
825 4155 885 4208 Ber.
900 4153 1009 4207 Gsertn.
1032 4149 1144 4205 Hemnii
1158 4149 1190 4202 L.
1212 4151 1235 4199 l.
1256 4153 1284 4199 et

122 4246 179 4293 tum
189 4241 235 4301 sit,
253 4237 385 4293 Gronorii
406 4238 586 4307 conjecturum
604 4237 684 4289 dubie
723 4233 785 4289 edd.
798 4249 882 4303 usque
895 4229 930 4285 od
944 4229 1057 4284 Froben.
1071 4232 1146 4282 1535.
1160 4227 1283 4279 instituto

123 4315 237 4370 allatum
253 4324 294 4370 est
314 4332 369 4370 uon
389 4315 598 4387 inpubesque
620 4312 684 4365 mihi
723 4329 757 4367 ae
769 4310 914 4379 disciplina
925 4308 1040 4362 militari
1054 4306 1121 4360 Lov.
1134 4309 1159 4357 3.
