2975 4950
224 387 333 457 locat
572 403 683 455 nora
707 402 913 454 vantonuu
940 402 979 454 m

224 548 442 615 conmortatmb.
453 548 522 601 orbes
534 563 652 615 arcesque.
670 547 758 600 (labb.
795 559 903 599 necesse
917 553 968 598 ost.
1000 546 1062 599 Soio
1080 548 1180 599 tantum
1200 532 1342 612 partionis¹

225 629 351 677 Meliores
362 626 463 691 scripti,
476 628 539 679 Cot.
550 641 598 677 sos
613 630 692 690 piures
703 632 758 677 tos·
795 632 819 677 et
833 634 890 691 post
902 640 991 677 rocem
1000 628 1076 691 cu'po,
1085 640 1161 692 qnam
1172 626 1249 675 etiam
1262 641 1331 690 prce·

225 711 277 756 issa
291 705 367 767 Mac„
382 720 452 769 mam
463 710 528 761 onte,
539 704 603 755 tseb.
621 704 701 753 urbem
716 717 758 753 ar·
795 703 917 754 sontibus
940 705 1002 754 nov.
1012 707 1037 753 b.
1061 703 1137 754 Hari.
1157 711 1185 753 ct
1202 703 1290 753 Mead.
1301 707 1329 753 ².

223 797 314 848 aerque.
348 781 473 833 Habebat
491 782 559 832 cuim
575 782 674 833 Oreum
692 781 759 831 dnos
796 780 880 842 omisi,
901 790 1042 844 expuncta,
1059 779 1200 845 legendum
1220 784 1284 843 pnto
1305 783 1330 829 st

226 875 310 924 arces,
333 866 363 910 ut
386 866 490 910 constat
513 874 547 910 ex
573 859 759 925 superioribas.
796 857 994 920 castigationibus
1011 856 1079 918 regis
1095 857 1122 906 is
1139 856 1242 906 moriam
1259 856 1333 919 caips

225 937 281 987 Alii
297 936 441 987 sttodentss
457 951 536 987 arcera
551 951 673 1000 regesque.
689 934 717 987 J.
729 936 760 987 Ρ.
796 932 870 984 sirum
885 934 1003 983 rsiaorsos
1019 932 1091 983 sistat
1108 932 1289 996 promissionum
1305 931 1333 980 is

226 1011 310 1064 Gron.
342 1003 485 1077 Vnigatnm
500 1020 607 1063 servent
624 1014 760 1063 [soum.
789 1011 905 1071 saturum
924 1025 1048 1061 memores.
1091 1009 1260 1071 Macedones,
1286 1004 1334 1073 qni

225 1094 252 1140 o.
268 1105 285 1141 a
299 1104 335 1141 m.
353 1103 407 1140 tec.
425 1089 501 1141 Heri.
521 1089 609 1140 Mead·
628 1091 713 1148 ambo,
731 1097 761 1141 et
798 1087 889 1137 orbem
902 1100 1027 1153 arcesque
1040 1083 1190 1144 tuebantur,
1205 1098 1257 1135 oon
1274 1091 1335 1132 tan·

227 1167 340 1220 Gaertu.
364 1167 494 1218 taebastsrr
513 1167 570 1217 arba
589 1181 700 1231 imasque
720 1174 762 1217 est
798 1173 852 1215 tum
868 1179 939 1217 nnnc
954 1165 1050 1230 piures,
1061 1178 1139 1229 quam
1155 1173 1226 1220 ante,
1244 1168 1335 1225 erant,

227 1248 255 1297 in
273 1246 352 1296 Voss.
367 1246 496 1296 taobastsr
513 1245 583 1295 arbes
602 1259 716 1309 regesque
734 1244 762 1294 in
798 1244 843 1294 sed
862 1243 940 1294 etiam
957 1241 1169 1308 promotionibus
1188 1240 1290 1298 snimis,
1304 1246 1336 1289 et

226 1322 339 1373 Hesmii
355 1322 385 1372 L.
398 1327 421 1373 1.
438 1322 566 1372 taebsstar
582 1321 664 1372 sorbers
682 1336 763 1384 reges·
798 1320 905 1384 insuper
916 1318 991 1370 simui
1003 1318 1131 1368 minarum
1142 1315 1337 1380 simniprotnis·

227 1414 272 1463 pas
284 1398 347 1448 bos.
364 1402 389 1449 1.
401 1404 430 1448 et
440 1402 465 1447 o.
481 1411 583 1447 smann
596 1401 619 1446 1.
637 1397 764 1447 tuebantur
800 1397 900 1448 siomun
911 1394 1137 1460 castigationibus,
1150 1394 1206 1444 aire
1223 1399 1337 1459 propter

227 1476 310 1525 arbem
320 1489 431 1540 arcesque
445 1475 545 1525 Losa.
562 1481 590 1524 et
604 1474 713 1524 Heornii
727 1474 761 1526 Ν.
800 1473 995 1539 castigationes,
1008 1473 1075 1538 rogis
1087 1486 1224 1522 memores.
1259 1470 1337 1521 Idem

228 1552 358 1602 taebastur
366 1552 437 1602 arbes
450 1566 561 1616 arcesque
576 1566 699 1615 regespae,
716 1552 763 1602 du·
800 1551 849 1601 sibi
861 1551 990 1616 placuisse
1001 1551 1080 1600 etiam
1088 1550 1214 1600 nokerus
1226 1548 1338 1598 monuit.
1428 1553 1431 1560 '

228 1628 292 1692 plici
314 1628 428 1679 lectione
447 1628 552 1692 juncta,
575 1628 638 1677 bor.
657 1632 682 1678 b.
721 1630 763 1679 De
800 1628 936 1693 Doujatios
954 1626 1069 1691 tegebat,
1085 1639 1117 1676 su·
1138 1624 1339 1686 castigationibus

229 1704 329 1769 duplici
351 1719 412 1756 arco
433 1705 497 1756 0rri
522 1704 583 1755 viba
602 1704 682 1756 etiam
704 1706 763 1757 Lis.
799 1704 1016 1768 regisisocississo
1025 1701 1339 1766 mtpsetsimatmismss

230 1787 374 1832 munti.
800 1786 825 1831 et
838 1780 1021 1846 pronissimus
1039 1780 1065 1828 iro
1079 1779 1193 1841 fatuum
1214 1789 1339 1828 memores.

263 1858 300 1907 Et
317 1856 515 1921 castigationibus
533 1859 601 1923 regia
616 1859 642 1910 irc
660 1861 765 1911 «δηίοιο
801 1858 847 1909 Ita
871 1857 1031 1923 jungendum
1059 1858 1121 1919 erit,
1143 1855 1340 1920 praesentioribus

229 1934 307 1997 oripo,
318 1940 343 1984 et
353 1936 561 2001 simulationum,
578 1937 649 1986 masat
662 1937 765 2000 massis·
801 1937 888 1986 missis
905 1952 937 1987 ex
955 1935 1154 1997 cssiigstiosibas
1170 1934 1236 1995 regis
1251 1934 1278 1982 iss
1295 1934 1340 1981 ad·

230 2012 334 2077 mosam]
351 2013 422 2067 Quid
439 2014 659 2065 sst‘tnebautnr
673 2016 765 2065 urbem
800 2015 876 2064 saissa
896 2014 973 2078 oripo.
1015 2013 1112 2061 Verum
1133 2024 1224 2060 omnes
1241 2010 1338 2059 iterma

231 2089 478 2154 castigationibnsi’
519 2097 565 2143 sut
602 2093 765 2145 Macedones
803 2091 881 2142 codo,
891 2096 916 2141 et
926 2089 1123 2152 castigationibus
1134 2095 1252 2138 tuentur.

230 2165 462 2231 ‘praesentioribus
474 2168 564 2218 animis
577 2175 605 2219 et
616 2170 767 2235 castigatio·
835 2169 893 2232 §la
912 2166 1024 2222 Relictis,
1043 2166 1107 2229 qaod
1124 2164 1187 2213 sotis
1205 2163 1341 2228 omsmrao,

232 2241 310 2293 nibus
322 2243 340 2292 i'
365 2244 466 2309 Scribe,
476 2249 500 2295 et
513 2246 682 2309 castigationis
691 2247 767 2310 regia
803 2244 834 2292 ad
845 2256 916 2312 opero
926 2242 1076 2307 popiciesdm
1088 2239 1195 2305 trajicit]
1213 2241 1274 2290 Non
1287 2254 1341 2289 mo-

231 2319 259 2369 in
268 2318 372 2369 obmisso
381 2320 450 2382 calpa
463 2320 535 2370 simui
551 2323 678 2387 misorum,
695 2324 768 2373 sistat
805 2334 901 2377 serem,
910 2322 932 2370 si
949 2320 1052 2376 scirem,
1065 2334 1116 2383 qua
1128 2318 1287 2368 auctoritate
1300 2318 1341 2367 sei

230 2395 411 2460 promissionum
438 2395 465 2445 irs
494 2395 611 2457 saturam
644 2413 768 2451 memores.
805 2397 937 2461 Grypbios
948 2398 990 2446 vei
999 2395 1080 2446 Curio
1089 2395 1270 2445 deseruissent
1281 2400 1342 2458 post

233 2475 321 2526 Quum
341 2480 496 2538 peccassent
516 2482 604 2539 notos,
626 2476 767 2543 Phiiippus
802 2478 948 2544 perficienda
964 2489 1054 2526 rocem
1067 2473 1193 2529 militibus,
1205 2486 1284 2537 qnsrn
1296 2471 1341 2520 bo·

233 2549 695 2617 eossermonibnaitacsstigasit,ut
707 2569 768 2620 par·
805 2558 870 2607 beot
891 2564 996 2606 veteres
1016 2554 1086 2603 iibri.
1117 2551 1221 2613 Scribe,
1240 2549 1342 2610 relictis,

234 2629 280 2678 tim
288 2629 400 2692 minis,si
409 2630 513 2694 cuipam
525 2630 663 2696 iterarent,
670 2635 767 2699 partica
804 2638 863 2700 qsot
882 2633 945 2683 catis
965 2630 1107 2681 sidcbsutm
1126 2629 1159 2677 sb
1178 2641 1254 2689 opero
1269 2625 1341 2691 perfi-

233 2704 368 2769 poiiicitis‚
380 2704 401 2754 si
412 2703 519 2756 fortiter
529 2706 660 2773 facerent,
669 2717 770 2774 ageret.
805 2713 897 2767 cissis,
912 2708 1039 2770 militibus,
1057 2705 1160 2767 trajicit.
1175 2704 1203 2755 J·
1215 2702 1245 2752 Ρ.
1257 2702 1342 2754 Gron-

234 2781 321 2844 Hujus
332 2782 513 2846 castigationis
525 2797 651 2835 mensores
661 2785 719 2838 ilios
730 2788 770 2838 di·
807 2790 869 2840 Non
889 2787 979 2836 dubito
998 2785 1061 2850 quin
1079 2782 1146 2833 maie
1165 2781 1288 2831 omissum
1307 2779 1342 2828 sit

234 2857 282 2909 cit.
313 2857 382 2909 Vitis
402 2871 510 2910 xxrnt.
527 2864 553 2911 8.
577 2864 606 2912 J.
618 2863 650 2914 F.
662 2864 770 2917 Grosos.
806 2864 933 2915 soiiitibss·
976 2860 1030 2912 Sed
1051 2861 1114 2924 osori
1135 2858 1198 2907 sotis
1216 2856 1342 2906 videbator

235 2935 314 2997 Regis
331 2949 379 2998 pro
397 2936 478 3000 regis,
495 2938 536 2988 rei
553 2936 637 3003 re'giis,
652 2955 723 3005 asopo
739 2944 770 2994 ii·
807 2948 872 3005 pnto
890 2941 928 2990 ita
946 2937 1032 3001 accipi
1048 2949 1139 3001 posse;
1156 2936 1217 2998 qaod
1230 2934 1344 2994 ariiitsrs,

237 3011 661 3078 braciosdedissa,videbimnsad
672 3032 772 3070 xxxrr.
808 3018 850 3067 uei
869 3030 960 3075 eoram,
978 3014 1042 3064 satis
1057 3011 1196 3062 ridebatur
1211 3010 1246 3060 sd
1264 3023 1343 3074 opera

236 3092 262 3137 o.
282 3090 296 3153 ς
313 3093 339 3138 6.
382 3090 477 3141 Lenior
501 3099 589 3143 tamen
613 3096 695 3146 mutto
719 3097 772 3147 erit
807 3093 982 3160 perficienda:
998 3092 1025 3141 iu
1037 3105 1089 3156 qno
1104 3091 1166 3154 quob
1181 3087 1250 3138 idem
1261 3094 1302 3137 est
1312 3100 1344 3137 aa

237 3165 387 3217 emendatio
404 3167 540 3226 Gronorii,
551 3170 582 3236 si,
593 3173 661 3233 regis
671 3179 700 3223 at
711 3188 772 3237 par.
808 3169 972 3236 ‘quintum’
984 3176 1012 3219 nt
1024 3181 1106 3232 sepe.
1137 3165 1208 3215 Vide
1219 3164 1344 3214 Parison.

237 3242 319 3291 tioaia
338 3247 363 3292 et
381 3250 442 3308 post
462 3258 551 3295 vocem
568 3248 637 3311 culpo
653 3251 772 3307 serratis,
810 3248 842 3298 sd
855 3247 956 3298 Sanctii
974 3246 1088 3295 Miners.
1099 3247 1180 3294 rino.
1197 3256 1218 3293 ι.
1227 3250 1257 3292 et
1269 3256 1309 3291 nv.
1318 3244 1345 3291 t.

239 3325 340 3370 tantum
367 3321 564 3385 castigationibus
591 3332 719 3377 mutemus
744 3329 772 3377 in
809 3330 851 3376 77.
862 3331 889 3374 et
901 3319 1191 3373 Burmann.ad0ridii
1202 3318 1271 3368 Her.
1281 3329 1345 3367 vrrs·

236 3396 411 3459 estimationis.
451 3399 530 3450 Hunc
559 3402 628 3452 enim
656 3418 771 3456 errorem
810 3407 835 3452 b.
868 3394 1344 3451 aaaeaanmtxnv.ao.1ms

236 3473 378 3523 innumeris
395 3473 459 3523 iocis
476 3474 502 3524 in
518 3478 674 3530 membranis
685 3482 773 3532 Livia·
811 3478 911 3529 Prisca
923 3475 984 3526 edri.
995 3476 1087 3540 legunt
1099 3473 1202 3534 relictis,
1214 3472 1277 3534 qaod
1286 3471 1346 3518 satis

237 3549 278 3600 nia
289 3550 427 3607 committi,
436 3550 548 3602 vidimus
558 3554 592 3603 ad
605 3568 679 3606 xxm.
688 3562 713 3607 8.
725 3561 773 3623 §a
810 3555 935 3605 mosbour
952 3555 985 3603 ab
1002 3566 1073 3617 opero
1086 3549 1242 3616 perficienda,
1259 3546 1347 3596 asititi·

238 3627 372 3697 Memores
383 3634 459 3677 erant
469 3634 496 3678 et
504 3632 684 3694 castigationis
693 3636 773 3700 rogis,
811 3634 869 3682 bas:
886 3631 955 3696 quod
976 3641 1092 3678 meorum
1111 3641 1177 3676 nnus
1196 3625 1299 3674 bomo.
1317 3630 1346 3674 et

238 3708 269 3753 et
287 3702 363 3753 simul
386 3704 511 3754 minarum
531 3706 607 3757 simui
624 3710 774 3771 promissio·
811 3707 923 3759 Hearnii
935 3707 972 3756 N.
983 3704 1116 3754 enisibent.
1144 3702 1248 3752 Primos
1259 3709 1347 3752 antem

171 3808 178 3825 ·
239 3781 374 3843 nom,sive
385 3787 413 3831 et
425 3782 520 3845 partim
533 3783 667 3846 minarum,
679 3790 773 3851 partim
811 3798 896 3849 usquo
919 3781 1065 3848 Gryphins,
1083 3792 1168 3845 neque
1189 3778 1279 3840 Curio,
1299 3775 1346 3827 sed

239 3857 446 3920 promissionum,
478 3859 695 3924 castigationibus
733 3865 774 3914 his
812 3853 1349 3916 Frobco.1sao.vocsmnitttibasomisir,

239 3933 444 3997 propositarum.
478 3935 616 3998 Castigatio
629 3939 705 4004 segis,
722 3955 775 4005 qus
812 3939 880 3989 forte
903 3952 937 3988 ex
958 3936 1115 3986 anctoritate
1136 3933 1251 3993 Gelenii,
1269 3945 1347 3996 quens

239 4007 311 4073 ipsos
322 4009 472 4073 castigarat.
505 4012 542 4062 Ut
554 4024 654 4064 mm.
662 4020 689 4065 a.
703 4017 775 4066 ‘Ro-
812 4016 845 4066 sd
875 4016 1015 4065 dictionem
1048 4010 1118 4063 iliam
1145 4006 1347 4071 expungendam

240 4085 328 4135 vocati
340 4085 435 4137 deinde
450 4088 666 4152 castigationibus
678 4093 775 4157 princi·
812 4092 891 4142 codd.
904 4092 943 4141 sui
956 4087 1117 4155 permovisse
1128 4085 1260 4135 videntur.
1285 4083 1348 4133 css·

240 4175 303 4225 pum
314 4159 347 4209 ad
359 4163 576 4224 perseverentiam
584 4166 611 4215 in
621 4169 776 4233 proposito!
815 4175 841 4218 te
854 4169 929 4217 deest
940 4166 1018 4216 stiam
1034 4164 1059 4212 in
1074 4161 1138 4212 mois
1151 4161 1232 4211 Voss.
1246 4160 1311 4209 lor.
1323 4163 1348 4208 1.

240 4235 341 4286 Verum
361 4248 409 4287 nec
430 4239 639 4304 castigationibus,
658 4246 729 4309 qnod
749 4247 775 4296 in
813 4246 908 4298 batti.
925 4235 1347 4303 Hari.Mesd.utroque,Gaertn.

241 4313 361 4366 omnibus
383 4312 539 4368 membranis
560 4324 660 4385 exstat,
681 4323 775 4374 mutari
814 4331 842 4374 et
853 4320 965 4374 Hearnii
980 4319 1009 4371 1,
1020 4323 1044 4373 l,
1060 4328 1169 4383 qnorum
1185 4312 1292 4381 quidam
1302 4326 1345 4378 oss
