2975 4950
318 389 349 432 v.
379 389 474 433 nrvrr
498 389 590 432 rusr.
619 389 852 437 u1a..xxvrrr.
882 390 961 432 cnr.
993 377 1045 433 25.
1169 377 1273 435 10339

121 549 161 584 sus
173 531 285 585 abolent
308 532 367 587 Pus
382 533 440 587 Pet
464 534 532 603 Reg.
551 533 679 604 posterio·
717 533 889 602 anspernti
899 536 989 587 animo
996 534 1077 588 etiam
1089 533 1225 588 Floram.
1234 553 1273 606 pr.

120 626 171 661 rem
194 626 291 663 vocem
315 609 396 663 etiam
420 609 494 663 Men.
519 610 575 664 Pal.
599 610 676 662 Voss.
719 611 796 664 Voss.
812 611 878 665 Lov.
900 617 924 664 l.
937 615 963 664 2.
985 610 1059 664 Harl.
1084 612 1145 665 Ber.
1164 610 1274 675 Gaertu,

121 685 179 738 Non
199 686 268 739 satis
282 703 325 740 me
338 685 470 758 expedio:
490 687 621 756 conjicere
638 694 678 740 ta·
715 695 743 741 et
758 687 829 741 Hav.
843 696 1019 756 eaosperotoo
1040 690 1144 742 animos
1168 688 1237 742 Flor.
1256 708 1275 743 a

9 806 10 813 ,
118 762 217 815 meniu
230 780 261 816 re
274 763 469 834 creperalicet,
487 765 617 833 Stupmte
635 766 676 817 ito
714 781 750 816 m.
764 781 818 818 sec.
856 764 1005 837 Utrumque
1018 765 1274 836 dicipotest‘exas·

9 840 11 853 '
117 841 256 903 tedidone,
272 843 384 910 qnidam
396 843 485 896 vinem
501 844 602 911 primo,
614 858 676 895 mox
714 841 800 912 petati
821 842 921 896 auimo'
941 850 970 895 et
977 842 995 913 ζ’
1004 842 1154 913 exasperati
1178 842 1274 905 animi,'

9 922 10 979 f
117 918 196 970 enum
212 918 269 970 ool.
289 918 364 986 Seip.
377 920 526 973 amanet.
540 920 676 990 afferunt,
714 917 771 971 sivo
784 926 974 989 ‘exasperatur
986 919 1089 972 auimo’
1105 927 1273 989 et‘exaspe·

116 993 175 1045 trib.
189 994 248 1047 mil.
270 1002 372 1062 reptem
383 996 461 1049 missi
472 997 507 1048 ab
519 998 579 1064 ipso
599 995 674 1063 Sep.
713 1003 787 1048 ratur
799 995 917 1057 animm:
937 995 1032 1050 eodem
1045 994 1125 1050 modo
1143 1005 1173 1050 ut
1184 996 1273 1050 ‘cadit

118 1069 173 1132 Vel,
181 1073 333 1138 septemod
339 1070 390 1124 noc
399 1072 434 1125 ab
444 1073 503 1140 apso
514 1074 598 1126 misci.
607 1070 632 1124 J.
645 1071 674 1124 F.
714 1071 814 1124 animo'
826 1078 855 1125 et
866 1071 956 1126 ‘cadit
968 1072 1086 1135 animus,'
1098 1072 1133 1126 dc
1146 1091 1199 1143 quo
1209 1072 1271 1127 vide

117 1146 674 1216 Gron.StupenteitoseditioneFlor.Caut.
714 1147 748 1201 ad
770 1165 789 1200 1.
805 1152 845 1201 ll.
865 1141 919 1218 §d
944 1148 1112 1203 ‘exardescit
1125 1150 1226 1203 animo'
1243 1157 1272 1204 et

118 1223 192 1276 Voss.
210 1223 280 1278 Lov.
299 1225 424 1296 quinque,
439 1225 514 1280 Harl.
530 1226 621 1279 Bona
639 1242 674 1278 m.
713 1225 881 1279 ‘exardescit
891 1225 1009 1288 animus,’
1034 1224 1068 1279 de
1089 1244 1143 1297 quo
1162 1226 1224 1279 vide
1236 1226 1272 1280 ad

115 1317 166 1354 sec.
177 1300 253 1354 Har.
267 1309 296 1355 et
310 1301 422 1355 Hearuii
432 1303 463 1356 L.
474 1307 538 1358 Lac
549 1303 584 1357 N.
606 1303 674 1356 Vox.
714 1317 757 1354 111.
769 1306 813 1355 30.
826 1296 840 1372 d
854 1306 880 1355 2.
901 1301 933 1354 ld
951 1309 1050 1364 tamen,
1071 1303 1144 1373 quod
1164 1301 1272 1357 Rhena-

114 1378 362 1445 snperoeneruntin
374 1379 458 1433 tribus
469 1388 580 1443 tautum,
589 1380 674 1450 iisque
712 1395 763 1431 nus
782 1378 909 1449 reposuit,
927 1378 999 1449 apud
1022 1378 1128 1433 Livium
1149 1379 1272 1450 frequen·

8 1474 10 1495 ι
114 1454 229 1509 minimae
247 1455 313 1510 fidei
333 1456 411 1510 codd
431 1457 503 1528 apud
521 1475 564 1511 me
584 1474 674 1528 super·
711 1454 764 1508 tius
777 1456 904 1510 obcurrit.
944 1455 1018 1510 Infra
1030 1472 1139 1510 xxxm.
1153 1461 1196 1510 39.
1215 1455 1271 1510 ‘Ut

113 1540 166 1594 est3
186 1549 282 1586 eorum
294 1532 393 1603 primus
405 1541 448 1587 est
460 1534 527 1589 Lov.
537 1540 562 1588 4.
575 1534 621 1605 qui
636 1533 675 1588 le·
712 1530 747 1585 de
771 1531 903 1586 mandatis
921 1533 966 1602 agi
984 1541 1100 1604 coeptum
1124 1541 1176 1596 est,-
1189 1532 1271 1587 animi

112 1609 674 1681 gitscptemnbrpsoScrpionesnpcroene-
711 1610 863 1680 exasperati
881 1610 958 1664 suut'
976 1627 1024 1663 ιιι.
1036 1615 1080 1663 20.
1107 1608 1187 1664 ‘Hoc
1204 1627 1272 1681 prae·

113 1692 175 1740 rnnt
191 1689 287 1741 mosi.-
306 1687 439 1742 secundus
460 1696 489 1742 et
503 1689 598 1743 tertius
611 1697 673 1742 sunt
711 1684 790 1755 cipue
820 1685 958 1740 criminum
987 1703 1089 1756 genere
1116 1689 1270 1758 exasperari

115 1764 180 1817 Lor.
193 1770 221 1818 5.
235 1773 265 1819 et
279 1765 341 1819 Ber.
352 1765 381 1818 in
402 1766 497 1836 quibus
511 1766 673 1835 invenisep-
711 1761 828 1815 animum
840 1762 989 1817 sentiebat)
1008 1767 1130 1817 xtuli.
1167 1763 1271 1819 ‘Exes-

112 1849 170 1905 tcm,
183 1844 234 1911 qui
249 1843 286 1896 ab
298 1844 358 1911 ipso
372 1843 499 1911 Scipione
510 1852 573 1898 sunt
589 1845 672 1906 missi,
710 1839 815 1909 peravit
826 1839 928 1892 animos
945 1838 1045 1894 ferocia
1064 1840 1144 1894 animi
1165 1840 1270 1912 Harpa·

111 1928 332 1988 supervenerunt.
347 1919 454 1991 Reliqui
462 1920 584 1975 eamdem
596 1921 673 1974 omit·
710 1913 745 1967 li!
784 1910 886 1986 M01·§
901 1933 957 1987 seq·
970 1918 1033 1970 dein
1036 1918 1175 1987 principis
1187 1925 1269 1972 tento-

111 2004 184 2058 tunt;
204 2004 234 2050 et
253 1996 362 2068 quidem
374 2006 474 2067 septem
485 1999 521 2051 ab
539 2000 599 2067 ipso
612 1999 673 2052 Sci·
710 1993 753 2044 riv
764 1991 832 2045 laov·
848 1996 871 2045 l·
885 1996 910 2046 2·
923 2001 952 2046 et
966 1992 1037 2046 ΗΜ.
1051 1996 1147 2047 deinde
1163 1997 1269 2063 princi·

105 2074 190 2140 pione
201 2076 356 2128 suntmissi
372 2075 466 2145 legunt
479 2075 546 2130 ιον.
559 2079 585 2129 2
604 2080 670 2130 sta.
704 2070 765 2139 piis
786 2071 953 2138 tentorioque
974 2070 1042 2123 Lov.
1060 2075 1087 2124 3.
1108 2071 1194 2141 primo
1214 2089 1267 2125 vox

109 2159 211 2219 septem
225 2152 262 2204 ab
282 2154 342 2220 ipim
365 2153 494 2222 Scipione
513 2155 591 2207 missi
611 2160 674 2206 sunt
710 2145 954 2217 perssompendium
966 2146 1064 2217 Scripta
1080 2145 1168 2202 fuerat
1185 2149 1266 2207 dein,-

111 2227 190 2282 cant,
198 2228 314 2282 etvoss,
326 2238 434 2299 geptem,
444 2232 491 2300 qm·
499 2231 534 2284 ab
543 2232 603 2299 ipso
612 2230 672 2283 Sci.
710 2223 768 2290 ejus
778 2231 867 2277 autem
879 2222 973 2277 ultima
984 2223 1089 2294 syllaba
1098 2225 1266 2296 praepositio·

105 2307 189 2373 pinne
200 2313 266 2360 sunt
276 2308 354 2360 missi
364 2307 432 2361 ιον,
443 2307 549 2367 1,Harl,
560 2307 670 2361 Gaertn,
710 2301 812 2352 nemin
833 2300 972 2371 absorpsit„
1011 2300 1080 2355 Vide
1099 2300 1265 2356 adxxxvu.

112 2381 184 2435 Har.
197 2390 226 2438 et
244 2383 359 2438 Hearnii
374 2383 405 2438 L.
431 2388 453 2438 1.
467 2401 499 2439 ac
517 2385 670 2454 N.septem,
710 2370 780 2446 3l·§
795 2381 821 2429 4·

109 2461 157 2529 qui
174 2460 211 2514 ob
231 2463 294 2531 apso
315 2462 444 2532 Scipione
466 2462 535 2517 Flos.
551 2462 669 2517 Crevier.
737 2447 780 2523 §⁶
794 2454 1179 2525 ShPetldiumnondaiumad
1186 2459 1266 2527 diem]

109 2536 257 2607 profitetur,
269 2539 316 2592 vix
325 2557 485 2611 quemquam
503 2541 553 2594 sibi
565 2548 671 2612 ereptu.
711 2529 780 2584 Vide
791 2530 907 2586 Scelium
920 2533 956 2586 ad
969 2533 1065 2606 Polyb.
1078 2553 1102 2589 0·
1116 2540 1141 2588 6.
1159 2536 1236 2587 Dud.

109 2632 176 2676 rum,
188 2615 255 2686 quin
276 2613 378 2679 credat,
399 2619 430 2668 ri
454 2627 670 2688 supervenerunt,
752 2610 813 2671 Quo
824 2612 910 2664 coelur
925 2611 1174 2680 lilitnrpitanomm
1186 2615 1267 2665 msti-

109 2691 182 2761 quod
199 2700 293 2750 tamen
302 2694 401 2750 vnullus
419 2696 542 2751 codicum
554 2698 611 2765 ejus
624 2713 670 2765 ag.
708 2686 793 2755 tieret]
804 2685 961 2757 Scripsimus
973 2688 1267 2757 Ilitnrpitanumecsti-

108 2770 203 2834 noscit,
216 2787 373 2841 germanam
386 2790 446 2827 esse
468 2774 538 2828 Livii
559 2773 670 2843 scriptu·
708 2771 792 2823 tinem.
813 2768 856 2823 De
872 2787 924 2840 quo
937 2786 1017 2840 supra
1028 2770 1120 2824 habes.
1138 2769 1265 2824 Ricnon.

107 2863 171 2911 ram,
184 2865 245 2918 quae
255 2856 284 2903 et
296 2849 380 2914 clara,
393 2859 422 2905 et
434 2852 510 2914 scita,
523 2859 603 2923 atquc
616 2851 670 2906 ele·
710 2846 812 2900 Omnes
824 2847 875 2901 mei
894 2854 966 2900 stant
983 2865 1032 2918 pro
1042 2846 1149 2917 vulgato
1162 2848 1267 2910 Illitnr·

108 2941 176 2994 gans
188 2933 243 2978 est'
262 2925 397 2988 Concedit
408 2927 513 2992 deinde,
526 2947 586 2983 cum
600 2929 669 2999 Reg.
706 2926 870 2992 pitanorum,
883 2923 954 2994 quod
966 2933 1108 2994 propterea
1123 2931 1196 2979 reete
1207 2923 1265 2978 Jac.

108 3010 136 3055 ct
147 3002 250 3057 Victor.
264 3004 320 3073 legi
337 3022 418 3075 posse
437 3007 540 3060 tribuni
555 3006 670 3061 militam
710 3000 876 3055 Gronovium
887 3017 1027 3055 revocasse
1040 3018 1147 3056 censeo.

108 3088 209 3148 septem
220 3082 300 3136 missi
317 3082 353 3134 ab
373 3083 432 3150 apso
452 3084 581 3151 Scipione
598 3092 668 3138 sunt.
730 3079 801 3132 Post
811 3080 925 3132 domm
937 3080 1130 3147 imperatorum
1142 3081 1266 3132 duorum-

110 3156 240 3211 Libenter
252 3175 331 3212 suum
348 3160 445 3230 cuique
459 3160 590 3228 judicium
611 3177 671 3232 per·
709 3173 761 3224 que
773 3157 936 3209 eoeercituum
947 3160 1075 3226 sinopem]
1102 3156 1134 3209 In
1148 3156 1267 3227 Spirensi

109 3234 199 3288 mitto:
219 3234 286 3290 mihi
300 3253 364 3290 vero
377 3237 421 3290 vel
430 3255 490 3291 oum
503 3236 621 3291 Gronov.
634 3237 671 3291 le·
708 3233 778 3286 libro
789 3240 892 3287 tautum
901 3240 1012 3302 estport
1020 3236 1184 3304 duorumque
1193 3251 1267 3287 ecer-

108 3311 226 3380 ge'ndum
236 3312 344 3370 videtur
352 3316 422 3368 certi
429 3323 553 3369 auctores
553 3318 671 3385 ferrent,
709 3311 811 3365 diuum
827 3320 953 3379 straqem.
982 3310 1011 3364 Si
1027 3319 1135 3365 nonest
1148 3311 1202 3363 illic
1220 3309 1268 3363 ali-

108 3390 211 3443 tribuni
232 3390 350 3443 militum
367 3400 468 3461 septem
479 3394 556 3446 missi
568 3392 603 3446 ab
612 3394 672 3463 ι’ριο
710 3387 775 3458 quid
787 3388 911 3440 omissum
921 3387 1020 3441 librarii
1026 3388 1136 3450 incuria,
1147 3387 1266 3440 fortassis

111 3466 299 3536 Scipionavel
308 3485 368 3521 cum
377 3470 511 3524 nonnullis
519 3470 596 3524 codd.
605 3472 673 3523 certi
709 3464 1045 3534 legendumpostduorum
1054 3465 1267 3536 quidcmcxerci-

110 3553 233 3599 auctores
243 3546 364 3616 scrrent
375 3549 479 3601 tribuni
489 3548 673 3616 militnmsep-
710 3549 920 3610 tuametropcm.
935 3541 1057 3596 Rhenan.
1072 3542 1188 3596 Omnino
1195 3540 1267 3594 Rhe·

5 3689 7 3694 y
110 3630 160 3675 itm
171 3623 207 3676 ob
218 3622 280 3695 ipso
291 3625 420 3692 Scipione
429 3627 506 3688 mt‘ssi
517 3633 586 3689 sant,
598 3623 672 3697 quod
710 3635 797 3672 uanus
817 3618 911 3673 incidit
927 3619 954 3671 in
964 3618 1023 3674 cod.
1036 3637 1071 3673 ex
1083 3637 1136 3689 quo
1149 3618 1208 3671 duae
1221 3635 1267 3671 vo-

109 3699 241 3768 posterius
251 3700 280 3753 in
289 3709 444 3756 contextum
457 3702 555 3773 recepi.
710 3712 756 3751 ees
777 3696 876 3750 librarii
897 3696 977 3767 culpa
997 3694 1151 3751 exciderant
1169 3695 1204 3748 ob
1221 3711 1267 3747 vo·

150 3771 208 3833 Qui
225 3771 261 3824 ab
283 3774 344 3841 ipso
364 3774 493 3841 Scipione
509 3781 572 3827 sunt
585 3774 671 3842 missi]
710 3790 771 3827 eum
791 3775 905 3827 duorum
916 3781 945 3828 et
957 3775 1121 3842 duorumque
1138 3771 1267 3842 repititio·

5 3857 7 3920 ζ
111 3845 310 3917 Castigavimus
329 3849 434 3919 aborto
448 3849 577 3919 Scipione
585 3851 670 3903 minoi.
710 3867 781 3913 nem,
808 3850 842 3903 de
861 3867 914 3921 quo
933 3850 994 3903 vide
1014 3848 1048 3903 ad
1066 3866 1108 3901 ιιι.
1129 3842 1202 3919 ll.§
1224 3852 1265 3900 ll.

5 3925 6 3970 i
112 3922 235 3978 Rhenan.
712 3927 814 3981 Omnes
835 3927 917 3980 nostri
939 3933 1156 3996 stautarecepta
1174 3924 1268 3979 lectio-

124 3995 149 4072 ‡§
160 4001 355 4072 tEoeosperoti
364 4005 462 4074 animo]
473 4003 671 4073 castigavimus
710 4021 753 4058 ne.
786 4003 860 4057 Infra
883 4021 906 4057 c.
931 4008 974 4056 28.
993 4003 1133 4063 ‘Quatuor
1154 4001 1267 4072 impera·

108 4082 266 4148 macperoti
275 4080 536 4135 onimi.Rhenanus.
576 4080 634 4134 Pal.
647 4085 669 4133 l.
710 4088 790 4143 tores,
826 4090 939 4151 quatuor
965 4079 1097 4134 exereitus
1124 4079 1268 4148 Karthagi-

110 4172 171 4209 eum
180 4156 261 4228 antiq.
273 4156 316 4211 ed.
327 4157 671 4228 exhibeteaeosperotioni-
711 4158 842 4212 niensium
866 4157 930 4220 fudi,
955 4158 1063 4227 fugavi?
1081 4176 1104 4212 e.
1118 4162 1160 4211 38.
1193 4155 1267 4209 ‘Ad-

110 4249 161 4287 ino.
200 4233 260 4289 Nec
272 4235 354 4305 longe
368 4235 430 4290 hinc
443 4235 501 4290 Pal.
515 4241 541 4290 2.
560 4239 671 4290 οἰναιηι-
711 4253 803 4288 versus
816 4241 929 4305 quatuor
951 4252 979 4288 se
1000 4235 1182 4307 imperatores,
1202 4249 1266 4302 qua·

111 4318 200 4365 writes
219 4314 288 4366 enim
306 4315 419 4382 qnidam
435 4316 560 4368 tentorio.
581 4312 670 4368 Gebh.
711 4321 772 4366 tuor
790 4311 903 4366 victores
922 4311 1053 4366 exereitus
1066 4311 1093 4365 in
1108 4310 1265 4382 Hispaniam
