2975 4950
270 348 379 416 10254
621 364 731 414 uuum
756 361 963 414 vnurouuu
988 364 1028 414 ru

302 509 429 576 §obtule
443 525 556 576 messurus
569 509 763 575 oberont,qusnt
776 509 807 559 ub
839 504 934 569 ‚instem
956 511 1073 572 legionem
1090 509 1129 577 (et
1147 511 1174 560 id
1189 512 1270 572 serene
1288 510 1375 561 roboris

270 590 336 640 teste
354 588 471 653 conspecti
491 586 560 649 sunt]
579 588 637 638 Pol.
656 592 679 638 l.
697 587 808 652 milleque
844 586 1098 651 erut)inprisroucie
1111 589 1276 638 loeuteren.
1308 588 1375 638 Pali.

268 664 498 731 pmsibssoberosrt.
531 663 636 714 Deinde
652 664 721 714 Poll.
733 668 759 714 2.
778 670 806 714 et
845 667 869 714 1.
881 668 906 712 u.
918 670 947 713 et
958 671 1012 713 vet.
1022 664 1065 713 ed.
1075 668 1099 715 et
1111 665 1229 727 idserme,
1239 666 1301 729 quod
1311 664 1376 714 robo-

271 746 295 792 3.
308 756 362 792 curn
373 741 709 805 abtmummmpeeumr.
718 740 807 791 Gebh.
843 741 947 792 riserut.
979 742 1047 790 'lum
1056 741 1293 806 Psl.³.inprimnm
1303 743 1377 793 oriem

271 819 594 884 utuleqseusmvoss.
607 817 672 869 Lor.
682 816 808 882 quinque,
844 818 915 867 luent.
936 816 1023 868 Gebh.
1056 817 1181 883 Plerique
1200 819 1278 868 codd.
1297 816 1377 868 sditi-

272 905 300 947 et
313 897 382 946 Hsv.
408 896 473 946 mlle
488 909 584 960 porrum
595 895 666 945 Flor.
683 909 699 943 a
717 909 752 948 m.
768 907 808 957 pr.
846 893 969 956 putantur
982 897 1048 943 vett.
1059 893 1119 943 edd.
1139 893 1242 944 Atcum
1256 894 1377 944 Rheosno

271 974 489 1039 tuldequinum
507 987 605 1022 msto.
638 970 709 1021 Nihil
727 979 809 1021 muto.
845 966 992 1019 fseitFiur.
1024 970 1347 1034 Videodxxvrrdeit.

272 1050 341 1100 Vide
353 1050 386 1101 od
399 1052 542 1114 u.26.§b.
574 1049 642 1098 Tum
661 1047 809 1097 obbertibus
877 1046 964 1096 Lenem
974 1046 1155 1096 ormntummin
1163 1046 1279 1096 subsidiis
1289 1043 1378 1117 meod]

273 1129 338 1178 Lot.
350 1132 375 1177 b.
402 1127 455 1177 Sed
468 1126 526 1176 vido
539 1125 573 1175 ad
586 1140 613 1175 v.
625 1130 667 1175 tu.
677 1125 691 1190 §
702 1129 727 1175 2.
744 1126 809 1174 Mox
846 1120 1021 1186 Reposoimus
1029 1128 1137 1183 umeros,
1147 1125 1220 1174 leuem
1230 1138 1292 1174 urm.
1301 1138 1379 1187 oppo-

272 1202 384 1265 etMugo
395 1201 480 1252 edidit
500 1201 596 1265 primus
613 1201 674 1252 Jne·
691 1200 809 1251 Gronov.
847 1199 933 1248 sitive.
949 1199 1059 1250 Rimas.
1096 1201 1160 1250 Mss.
1178 1206 1289 1250 eoetereun
1307 1202 1381 1250 leuem

273 1295 353 1345 quum
361 1279 461 1343 priores
467 1276 810 1341 omisissentoopulstivem.
845 1281 1002 1339 ornaturum,
1013 1291 1064 1326 non
1076 1276 1216 1329 eoeterus..l.
1227 1278 1257 1326 F.
1264 1277 1382 1327 Gronov.

274 1359 477 1410 Grunoriooum
489 1356 600 1407 Hesruii
613 1356 644 1405 L.
656 1360 680 1406 1.
695 1355 810 1406 sdseutl·
847 1353 945 1404 Primis
966 1356 1124 1407 editionibus
1147 1355 1294 1405 adsentitur
1318 1357 1383 1406 Ber.

274 1435 512 1487 nntnromuesmsi
522 1441 620 1499 praeter
628 1435 690 1485 Ber.
702 1448 760 1483 em.
769 1448 809 1498 pr.
846 1434 951 1480 celemus
966 1434 1040 1481 leuem
1056 1437 1203 1482 armatum
1221 1433 1312 1482 huvel.
1325 1436 1384 1482 1.2.

274 1523 301 1565 et
314 1513 477 1578 (luerinqni
489 1511 580 1576 priscis
591 1509 654 1560 edd.
664 1509 809 1585 adderent.
847 1506 924 1557 Hori·
937 1516 964 1558 et
974 1508 1043 1558 Hau.
1069 1515 1171 1558 ceterum
1187 1511 1260 1559 leuem
1276 1515 1385 1560 armus·

307 1593 441 1656 §mm
451 1595 530 1639 autem
545 1589 573 1639 in
584 1588 726 1638 celtiberice
741 1603 810 1640 mr.
847 1599 900 1634 rum
911 1584 976 1633 Lov.
983 1588 1009 1634 8.
1017 1585 1093 1634 Voss.
1105 1592 1133 1636 et
1145 1585 1253 1635 Hesrnii
1264 1587 1295 1636 1..
1306 1589 1330 1635 1.
1346 1602 1384 1636 ee·

274 1667 325 1717 suu
342 1665 682 1731 quotuormillioseutn1Tn
700 1664 811 1715 uidene
848 1665 922 1725 teror,
942 1662 1017 1711 leuem
1043 1667 1193 1712 ornaturum
1215 1663 1284 1712 Flor.
1307 1663 1389 1713 Cant.

275 1749 425 1793 scutatorum
440 1744 474 1792 sit
485 1741 625 1808 legendum
638 1759 643 1789 ι
660 1756 719 1792 nom
733 1743 811 1806 puolo
850 1737 941 1787 Lovel.
952 1741 978 1787 4.
989 1743 1013 1787 b.
1025 1745 1053 1786 et
1064 1736 1175 1788 Gsertn.
1208 1739 1336 1789 Esrudeur
1356 1753 1387 1788 se

275 1830 336 1884 post
348 1819 577 1882 ‘Celtiberorum'
596 1820 688 1884 inquit,
708 1820 811 1871 ‘sento-
849 1814 989 1865 lectiooem
1002 1813 1027 1862 in
1040 1814 1105 1864 Pot.
1117 1814 1256 1871 iuvenisse,
1267 1815 1389 1867 Crevier.

275 1900 311 1948 tis
330 1898 425 1949 ensis?
446 1898 535 1948 Sabell.
575 1896 688 1948 Quidam
708 1902 813 1955 emta,
850 1896 972 1940 testatur.
1005 1891 1090 1939 Miror
1106 1891 1194 1956 itaque
1211 1891 1330 1941 Gronov.
1345 1890 1390 1940 hio

275 1988 324 2037 pro
335 1977 489 2037 scutatorum,
507 1979 691 2037 reposueruut,
704 1971 773 2037 quod
785 1981 813 2022 et
851 1983 883 2018 ex
895 1969 947 2017 suis
958 1969 1140 2018 Menedemus
1152 1968 1276 2017 edidisse.
1309 1967 1389 2017 Alte·

276 2050 360 2113 ipsum
373 2050 533 2112 oonplooet.
548 2048 812 2099 Notovitlrocetiom
851 2060 905 2095 roro
926 2046 1065 2096 lectionem
1087 2045 1216 2096 revocavi.
1250 2046 1392 2109 Praetereo

275 2125 431 2175 Sabellicus.
443 2126 518 2175 Glur.
535 2125 744 2176 putuerunt
758 2127 814 2175 Gel-
850 2121 947 2172 insitus
963 2122 1043 2187 mouit
1057 2123 1127 2172 Flor.
1139 2137 1153 2171 n
1165 2137 1199 2171 nr.
1210 2136 1249 2185 pr.
1267 2129 1295 2171 et
1308 2122 1391 2172 Cant.

275 2202 405 2257 liberorum
422 2202 539 2252 exercitu.
562 2202 648 2252 Gebh.
693 2203 813 2252 Celtibero
851 2198 878 2248 is
889 2199 1070 2264 insidiisqromit
1081 2200 1152 2249 Flor.
1169 2213 1231 2248 um.
1242 2211 1297 2248 sec.
1309 2199 1392 2248 Voss.

277 2279 385 2330 exercitu
400 2280 467 2329 Meu.
499 2279 565 2329 Turn
578 2279 643 2329 Put.
659 2285 756 2330 scutulo
770 2286 812 2330 et.-
851 2278 916 2328 Lou.
928 2281 1025 2329 122.
1038 2285 1065 2327 et
1077 2277 1147 2327 Har.

277 2356 355 2406 Voss.
365 2361 432 2405 eruto
441 2361 474 2407 et.
509 2356 579 2420 Lege
590 2357 708 2407 smluliet
716 2358 814 2408 ducenti
884 2357 921 2420 §5
938 2355 1044 2407 Vixdum
1054 2356 1080 2404 in
1091 2369 1197 2417 egressos
1206 2356 1268 2403 rollo
1280 2354 1392 2405 Romani

277 2433 376 2496 equites.
387 2433 415 2485 J.
428 2433 458 2483 F.
471 2433 554 2484 Grou.
587 2433 620 2482 lu
638 2433 814 2484 Celtiberorum
849 2431 1395 2498 pilumnjeceruutmirehierorinntcodd.

277 2511 385 2561 mortu
396 2511 506 2573 primum
517 2510 638 2574 adparuit
649 2509 675 2558 in
694 2509 737 2561 ed.
750 2511 813 2559 Fro·
849 2512 950 2561 uixdum
959 2512 1078 2574 ingressos
1087 2512 1194 2561 uulloeos
1203 2512 1306 2561 Romani
1318 2513 1395 2562 Flor.

277 2586 339 2636 bsu.
352 2590 426 2637 loon.
440 2601 487 2649 pro
497 2587 617 2652 quodue.
627 2585 743 2636 Gronov.
758 2587 813 2635 Cel·
852 2601 913 2635 sm.
925 2602 964 2651 pr.
981 2589 1080 2637 uixdum
1098 2603 1205 2650 egressus
1223 2590 1286 2637 onlle
1303 2589 1331 2637 in
1351 2604 1396 2639 eor

279 2663 355 2714 libero
366 2664 512 2727 substituit,
528 2662 744 2729 quemadmodum
762 2678 813 2713 nou
853 2665 981 2714 Romanis
995 2680 1029 2714 rn.
1040 2672 1133 2720 semet
1146 2665 1208 2715 Ber.
1225 2666 1328 2715 uixdum
1339 2666 1398 2716 ool·

279 2740 357 2790 modo
379 2740 440 2790 edd.
464 2739 562 2804 priores
585 2738 740 2805 proferunt,
768 2739 814 2790 sed
852 2741 909 2790 lein
928 2741 1158 2791 eosllumoniLuv.
1178 2745 1203 2790 2.
1229 2742 1332 2791 uixdum
1353 2743 1398 2792 irs·

278 2817 357 2868 etium
370 2831 429 2868 eum
439 2815 548 2866 Hesrnii
560 2818 590 2866 1.
602 2821 625 2867 l.
637 2822 665 2867 et
677 2817 712 2867 N.
724 2831 815 2867 omues
851 2832 946 2879 gressus
956 2819 1019 2867 uallo
1029 2820 1056 2867 iu
1062 2833 1102 2868 eus
1109 2818 1213 2868 Rumori
1222 2819 1283 2868 Lon.
1292 2823 1320 2868 4.
1336 2820 1398 2869 uix·

279 2894 341 2948 mei,
354 2893 403 2943 nisi
415 2894 485 2958 quud
501 2891 647 2943 Celtiberum
657 2894 765 2943 mereitu
780 2893 816 2945 sit
852 2897 910 2944 dum
919 2908 1028 2956 egressus
1035 2895 1097 2943 oollu
1109 2896 1135 2943 in
1143 2909 1182 2944 eos
1193 2894 1298 2944 Rumori
1314 2895 1400 2945 Hori.

278 2968 455 3028 ioLov.4.et
468 2968 543 3018 Hori.
577 2969 622 3019 Its
638 2971 758 3021 Celtibero
767 2972 816 3022 bel·
853 2973 953 3020 mudum
970 2971 1095 3033 ingressus
1113 2972 1202 3020 uolhun
1221 2986 1259 3021 eos
1282 2970 1400 3021 Romani

268 3046 312 3106 lo,
332 3060 379 3110 pro
401 3044 552 3107 Celtiberico,
572 3055 614 3095 est
636 3047 662 3095 iu
684 3061 736 3097 unu
757 3046 816 3098 uod.
856 3048 921 3096 Lon.
941 3050 965 3095 1.
985 3054 1014 3096 et
1033 3048 1109 3095 Voss.
1127 3047 1197 3096 inter
1214 3060 1312 3097 versus.
1350 3048 1400 3098 An

279 3134 353 3171 xxrr.
367 3124 410 3171 22.
427 3124 442 3184 t
461 3124 486 3169 4.
498 3121 648 3171 ‘exereitus
668 3121 767 3172 Astnr'
789 3139 816 3173 a·
853 3122 923 3173 forte
941 3122 1097 3186 legendum?
1122 3123 1222 3173 uixdum
1239 3124 1266 3172 irs
1283 3137 1401 3186 egressos

280 3198 334 3261 pud
354 3197 484 3247 stultat.
505 3211 524 3246 r.
536 3197 651 3248 munbi
670 3199 720 3247 ulie
741 3197 817 3250 videt
854 3201 1062 3251 rollumllomuni.
1097 3201 1402 3265 Liviumrerbo‘egre·

176 3289 179 3294 ’
278 3279 370 3323 ‘terra
389 3273 487 3336 Inna:
505 3274 537 3323 de
558 3290 609 3339 qno
625 3274 684 3324 ride
701 3276 733 3324 ad
747 3275 816 3326 Livii
855 3278 895 3328 di'
907 3293 979 3342 saepe
990 3292 1077 3327 rosum
1088 3288 1210 3343 qusrturo
1216 3278 1349 3342 junxisse,
1360 3279 1404 3329 vl·

281 3363 350 3400 xxv.
365 3353 389 3400 l.
405 3352 419 3415 ς
435 3353 461 3400 4.
496 3349 600 3400 Deinde
616 3357 720 3414 quotuor
738 3352 817 3412 millio
856 3353 1016 3404 debimnsud
1028 3358 1147 3404 ΠΜ.
1157 3354 1171 3418 §
1182 3359 1207 3404 4.
1225 3354 1319 3404 Prullo
1329 3361 1402 3406 onte

279 3433 348 3477 sento
360 3425 424 3476 Lov.
434 3429 460 3476 t.
470 3434 498 3476 et
508 3428 571 3476 Ber.
579 3443 638 3478 oum
650 3428 741 3492 priscis
754 3429 816 3481 edd.
853 3434 981 3482 educente
989 3433 1076 3482 uostris
1086 3432 1154 3481 Flor.
1159 3432 1235 3481 Voss.
1244 3432 1308 3481 Lon.
1317 3434 1405 3496 quiu-

281 3511 458 3570 quutuorscuto
469 3505 579 3556 Guertu.
597 3506 732 3556 XL.seutu
740 3507 817 3558 Voss.
855 3524 916 3574 que,
927 3509 1004 3558 Harl.
1015 3510 1078 3559 Ber.
1091 3508 1203 3559 Goertu.
1215 3516 1243 3557 et
1255 3506 1317 3557 edd.
1330 3515 1404 3559 a'nto

282 3583 558 3634 Lovel.l.l.d.1·lsv.
569 3581 651 3633 Heio.
668 3592 695 3634 et
706 3584 817 3635 Heornii
855 3586 1056 3636 Prooemium.
1089 3585 1133 3634 lte
1144 3583 1274 3633 interdum
1286 3585 1405 3637 Liuium

281 3664 312 3714 L.
324 3667 346 3712 l·
363 3648 524 3716 idunan
537 3666 608 3715 Flor.
621 3682 637 3715 e
647 3680 681 3716 ru.
694 3680 735 3729 pr.
760 3657 818 3717 ss.
855 3662 937 3727 loqui,
949 3661 1093 3711 ridebimus
1111 3659 1144 3709 sd
1158 3673 1272 3711 xxxurr.
1284 3665 1327 3711 20.
1341 3665 1359 3728 §
1373 3668 1405 3714 9.

281 3742 372 3796 testati
385 3755 508 3792 arnseo.
521 3741 597 3791 Harl.
615 3747 644 3790 et
662 3740 770 3791 Henrnii
778 3742 819 3790 N.
857 3739 955 3788 Verum
967 3746 995 3790 et
1006 3738 1067 3787 alibi
1080 3737 1106 3786 in
1118 3737 1166 3786 ltro
1178 3738 1309 3787 locutione
1323 3752 1405 3800 prae·

282 3818 471 3881 quotuorruillio
481 3815 820 3879 seututiGronoviusoonji·
858 3816 1013 3881 punitionem
1032 3813 1141 3864 omittit.
1175 3814 1219 3863 Itu
1235 3816 1284 3864 hoc
1306 3815 1360 3864 lib.
1376 3829 1407 3867 e.

283 3895 330 3943 uit.
364 3894 433 3943 Vide
445 3894 477 3944 ud
490 3907 606 3943 xxxvrr.
617 3897 658 3944 39.
670 3895 684 3958 t
697 3898 737 3943 12.
858 3897 898 3942 14.
909 3892 1006 3942 ‘Prior
1016 3906 1120 3954 semper
1128 3891 1226 3940 Poenus
1237 3891 1327 3955 copias
1336 3906 1409 3943 oas-

317 3971 352 4019 Et
363 3970 484 4035 idserme,
493 3973 555 4034 quod
563 3970 723 4027 roborisernt,
733 3971 759 4019 in
767 3969 819 4034 pri·
855 3969 904 4018 tris
921 3968 1071 4018 educebat?
1104 3980 1173 4017 xxx.
1184 3973 1209 4016 b.
1221 3974 1229 3997 ‘
1239 3968 1408 4023 Eduoerent

283 4061 322 4096 mo
340 4046 392 4095 onie
411 4046 485 4109 beat]
502 4046 568 4096 Haeo
582 4047 708 4118 oiarsonis,
726 4061 820 4112 prono·
856 4045 948 4095 castris
959 4044 1093 4109 legiones?
1125 4046 1230 4109 Eligant
1241 4045 1323 4109 igitur
1341 4047 1411 4098 lec·

283 4124 353 4174 mine
365 4127 427 4187 quod
441 4132 583 4188 expuncto,
594 4124 694 4189 (neque
706 4125 775 4173 enim
792 4124 818 4172 iu
857 4129 936 4182 tores,
948 4121 1008 4186 quid
1021 4122 1121 4170 malint.

285 4202 367 4251 ueteri
380 4202 508 4252 volumine
521 4200 655 4265 hobetnr‚)
668 4215 715 4266 per
726 4215 819 4266 peren·
889 4200 903 4262 §
921 4200 938 4247 6
960 4198 1020 4248 luds
1035 4198 1067 4246 nd
1084 4196 1213 4247 emittendo
1231 4197 1278 4260 iusi
1294 4213 1416 4251 coum.

285 4278 370 4328 thesin
387 4287 429 4328 est
447 4278 557 4342 legendo
575 4279 624 4328 hoe
643 4277 735 4330 ruodo:
759 4277 821 4329 bone
854 4274 930 4341 gunt]
943 4276 1004 4327 Vet.
1020 4275 1064 4327 lib.
1082 4278 1114 4327 nd
1126 4276 1284 4328 remittendo:
1302 4280 1415 4343 probe.
