2975 4950
236 366 340 423 10344
613 371 716 417 norm
746 369 942 415 visronun
973 371 1011 413 nv

266 519 280 594 1
293 529 319 578 5.
345 522 474 575 Tribunis
485 526 592 588 reptem,
608 518 655 587 qni
667 524 693 570 et
705 524 786 570 antea
827 533 881 569 non
893 522 995 569 tantum
1014 531 1106 569 omnes
1119 513 1197 568 codd.
1210 515 1271 577 mei,
1285 523 1313 569 et
1327 516 1382 569 Ox-

234 603 387 660 Sucronem,
400 600 456 669 tra]
476 587 571 667 Polyb.
583 594 648 647 ibid.
676 595 730 644 'fois
741 592 788 655 μὲν
824 610 886 645 ann.
903 590 1023 654 Heamii,
1036 592 1178 645 sedetiam
1191 591 1252 645 edd.
1266 593 1380 663 antiqui-

232 677 372 743 χιλιάρχοις
386 678 439 726 τοῖς
451 671 618 739 πρεσβεύσαοι
629 668 745 733 συνέταξε
757 672 787 720 δι’
824 686 892 732 oret,
904 686 953 740 pro
965 687 1019 740 quo
1031 669 1167 723 incidebat
1177 669 1291 739 primum
1310 669 1383 739 Lug·

232 752 372 817 &reddimur
386 754 399 800 d
412 748 519 799 Πόπλιος
535 749 644 811 ἀπαντᾷν
659 749 711 797 τοῖς
727 748 786 797 ἄπο·
823 746 888 799 duni
909 750 985 800 1553.
1004 764 1066 799 mox
1086 745 1170 799 Parin.
1192 750 1272 799 1573.
1290 746 1382 800 datum

233 829 343 880 οτάτοις·
364 829 403 878 nat
419 823 578 888 διελομένους,
595 823 699 874 ἕκαστον
713 821 788 874 πέντε
824 831 882 877 est:
906 822 934 875 id
953 830 1042 877 autern
1060 823 1225 877 recentiores
1245 833 1385 877 servarunt

232 910 282 956 τῶν
300 907 416 969 ἂρχηγῶν
432 907 477 963 τῆς
493 901 603 953 στάσεως
621 898 705 950 εὐθέως
724 899 788 949 κατὰ
824 917 909 970 usque
930 899 964 953 ad
979 900 1097 954 Gronov.
1117 898 1211 953 Solent
1223 907 1313 954 autem
1325 918 1384 954 ver·

233 983 280 1040 τὴν
295 980 432 1041 ἀπάντησιν
448 981 631 1045 φιλονθροτεῖν,
646 980 686 1028 nd
703 979 788 1028 καλεῖν
824 977 861 1031 ba
889 977 1025 1030 ‘insidere'
1055 985 1083 1032 et
1107 976 1253 1039 ‘incidere’
1276 976 1321 1030 rel
1349 979 1383 1031 ob

234 1056 271 1122 ἐφ’
288 1057 381 1117 adscire,
399 1056 509 1125 μάλιστᾳ
525 1056 571 1119 μὲν
587 1057 646 1121 πρὸς
663 1054 787 1115 sardani-
825 1053 911 1107 minus
942 1054 1092 1107 distinctam
1122 1054 1205 1107 verba
1239 1053 1384 1124 praeeuntis

234 1147 312 1183 νοοιν·
331 1134 353 1183 εἰ
368 1134 389 1183 δ’
405 1136 435 1183 tr
449 1136 483 1196 μὴ
499 1132 615 1184 δύνωνται
630 1134 711 1190 τοῦτο,
728 1129 788 1195 πρός
826 1131 1081 1202 pronunciationem,
1101 1131 1144 1184 vel
1157 1130 1236 1183 sliam
1254 1131 1289 1184 ob
1309 1148 1385 1184 caus-

232 1227 263 1271 γε
274 1212 376 1269 δεῖπνον,
389 1210 428 1259 nal
439 1207 555 1268 τοιαύτην
566 1205 702 1257 συνουσίαν.
743 1205 789 1257 Si·
827 1209 973 1272 sam‚inter
986 1226 1014 1261 se
1027 1206 1163 1262 confundi.
1202 1207 1271 1260 Vide
1288 1206 1323 1260 ad
1342 1224 1384 1260 111.

230 1303 292 1353 qun.
321 1284 389 1339 Pall.
411 1284 550 1338 continent
568 1286 608 1336 ad
631 1284 786 1336 Sucronem.
824 1281 923 1355 113.
943 1284 1053 1338 Salmas.
1073 1284 1107 1339 ad
1127 1283 1209 1338 Solia.
1227 1302 1254 1355 p.
1276 1287 1336 1336 les.
1357 1291 1386 1337 et

233 1360 321 1414 Gebh.
342 1362 403 1415 Vox
414 1370 513 1431 septem
531 1361 608 1415 deest
626 1360 653 1412 in
674 1358 788 1413 Hesrnii
831 1361 961 1415 Harduin.
975 1362 1009 1415 ad
1020 1361 1088 1414 Plin.
1103 1378 1132 1415 x.
1145 1365 1188 1414 23.
1200 1379 1228 1431 p.
1240 1365 1303 1415 586.

234 1438 269 1491 D.
290 1438 396 1492 Deinde
405 1447 467 1492 aute
479 1440 519 1491 ad
526 1439 672 1492 Sucronem
682 1436 750 1489 Lor.
761 1440 786 1488 4.
859 1440 919 1493 Sed
925 1440 1061 1493 licentiam
1070 1439 1285 1509 inpertemfecit]
1297 1437 1387 1508 Scrip-

233 1525 314 1569 antea
327 1517 367 1568 ad
379 1517 525 1570 Sucronem
536 1514 646 1569 Gaertn.
829 1517 910 1569 simus
918 1518 968 1570 sed
975 1517 1097 1570 letitiam
1107 1518 1161 1584 inp.
1166 1516 1245 1586 feeit.
1260 1514 1386 1568 Rhenan.

270 1594 361 1656 Quina
369 1595 476 1647 nomina
483 1591 788 1661 prinmpumseditionis
829 1593 881 1646 Pro
892 1595 1022 1656 letitiam,
1035 1593 1142 1664 quidam
1155 1593 1291 1646 licentiam
1308 1609 1387 1662 repo·

233 1669 307 1724 edita
316 1674 386 1739 sunt]
401 1669 516 1731 Quidam
524 1671 660 1740 quiaapro
670 1668 787 1739 quinque
826 1688 911 1733 suere,
930 1677 1078 1733 nonnemo,
1097 1677 1212 1741 utputo.
1250 1668 1387 1732 Ceterum,

232 1747 348 1817 positum
367 1747 527 1800 existimant.
566 1746 604 1799 At
628 1762 680 1815 ego
699 1744 789 1798 existi·
825 1765 885 1818 quse
903 1754 1049 1819 sequuntur
1066 1747 1157 1809 rerba,
1176 1746 1289 1799 obscura
1313 1753 1385 1798 sunt.

233 1841 286 1886 mo,
314 1841 374 1877 cum
391 1824 490 1878 tribuni
509 1830 613 1894 septem
630 1823 663 1875 iis
682 1822 788 1875 obviam
828 1825 898 1879 Puto
911 1822 1387 1895 autemchyllanointclligi,quem

234 1900 306 1952 missi
318 1900 430 1964 fuerant,
443 1910 474 1955 et
485 1900 639 1954 nocentium
652 1916 744 1952 xxxv.
758 1905 789 1954 ut
827 1902 970 1972 sperabant
988 1901 1085 1954 milites
1110 1900 1194 1969 magis
1207 1899 1243 1952 'in
1266 1900 1387 1970 ipsorum

233 1978 291 2048 ipse
309 1978 389 2048 paulo
414 1985 476 2032 ante
499 1976 599 2031 fatetur
622 1976 725 2039 author,
750 1976 789 2028 in·
826 1977 882 2032 fore
892 1986 1034 2049 potestate,
1043 1995 1122 2048 quam
1132 1995 1161 2029 se
1170 1976 1284 2029 inillius.
1303 1976 1386 2029 Glar.

232 2054 406 2124 telligendum
425 2073 479 2109 non
502 2053 620 2126 quinque
638 2054 666 2106 in
686 2053 790 2106 univer·
827 2056 979 2109 Licentiam
991 2055 1072 2108 etiam
1086 2055 1196 2107 Gaertn.
1216 2071 1276 2107 cum
1293 2052 1389 2123 pleris-

233 2149 300 2193 sum,
324 2132 373 2185 sed
390 2132 501 2202 singulis
526 2132 652 2203 quinque,
675 2130 728 2184 hoc
746 2136 789 2183 est
828 2150 880 2204 que
893 2131 954 2186 edd.
968 2132 1068 2202 antiqq.
1106 2130 1160 2184 Sed
1177 2138 1250 2184 recte
1262 2130 1389 2183 letitiam

233 2208 333 2279 septies
349 2210 475 2281 quinque,
493 2209 539 2281 qui
558 2208 676 2263 efficiunt
695 2223 788 2260 xxxv.
826 2209 970 2280 praefenmt
999 2208 1094 2279 reliqui
1121 2208 1211 2278 scripti
1239 2225 1299 2261 cum
1324 2206 1388 2260 edd.

240 2286 320 2339 Glur.
833 2286 902 2340 Ven.
915 2291 991 2340 1498.
1004 2285 1115 2339 Mediol.
1130 2289 1207 2339 1505.
1228 2284 1292 2337 Asc.
1308 2288 1388 2337 1513.

269 2357 322 2432 17.
336 2365 426 2417 Haud
430 2364 532 2431 procul
537 2362 603 2431 jam
614 2361 790 2430 Kartlrsqine
829 2371 858 2418 et
872 2362 947 2433 Mag.
986 2363 1075 2424 Quum
1088 2369 1177 2416 autem
1190 2360 1286 2415 deinde
1299 2360 1388 2413 Aldus
1479 2417 1480 2438 3

235 2439 356 2511 aberant]
369 2440 426 2494 Pal.
436 2445 462 2495 3.
470 2442 560 2495 Haud
564 2440 666 2510 procul
673 2440 708 2493 ab
722 2440 791 2494 Car·
830 2441 966 2496 licentiam
982 2446 1143 2504 revocasset,
1164 2437 1309 2494 Rhenanus
1322 2438 1390 2492 alte-
1479 2471 1480 2515 3

235 2516 442 2586 tdaqineeraut.
463 2517 571 2589 Reliqui
583 2518 637 2571 duo
656 2516 733 2572 codd.
752 2518 792 2586 ig·
830 2536 887 2572 ram
923 2519 1066 2573 lectionem
1100 2516 1291 2589 praeferendam
1327 2533 1389 2569 esse
1479 2518 1480 2577 f

234 2604 331 2649 norant
333 2597 406 2664 jam.
421 2595 509 2649 Gebh.
830 2614 884 2649 non
903 2597 960 2650 sine
979 2613 1074 2651 caussa
1091 2594 1202 2648 monuit.
1241 2592 1330 2646 Verba
1343 2610 1391 2646 au·
1479 2622 1480 2657 3

276 2673 395 2726 OumIrI.
410 2673 508 2727 Silano
520 2674 549 2724 in
565 2672 717 2726 Lacetanos
724 2689 791 2741 pro·
829 2680 884 2726 tem
897 2689 972 2743 seqq.
991 2691 1045 2726 non
1058 2672 1091 2725 de
1111 2671 1210 2734 Silano,
1228 2678 1258 2723 ut
1278 2669 1390 2724 Glarea·

226 2749 330 2819 ficiem]
346 2750 413 2803 Cum
427 2750 525 2803 Silano
534 2748 595 2802 Ber.
606 2749 704 2802 etedd.
716 2748 792 2802 Aldi-
829 2767 880 2802 nus
904 2749 1046 2812 existimat,
1071 2748 1120 2803 sed
1143 2748 1177 2803 de
1197 2747 1331 2818 Scipione,
1349 2747 1391 2800 in·
1479 2748 1480 2821 1

202 2862 206 2868 -
233 2843 270 2879 na
280 2826 395 2896 priores:
408 2825 563 2879 cumML.
575 2826 672 2880 Silano
687 2825 754 2879 Lov.
764 2831 790 2879 3.
828 2824 976 2895 telligenda
1008 2843 1077 2889 esse,
1106 2826 1166 2896 ipsa
1199 2825 1268 2878 ratio
1299 2823 1388 2878 docet.

234 2919 292 2956 cum
304 2904 391 2957 Laelio
402 2903 499 2957 Silano
513 2904 693 2956 Gaertn.eum
701 2904 790 2957 Loelio
831 2903 920 2965 Quum
950 2904 1022 2957 enim
1052 2903 1137 2956 omnis
1168 2902 1310 2965 exercitus,
1343 2900 1390 2970 qui
1479 2912 1480 2963 ξ

236 2980 384 3049 Silanoque
404 2980 470 3033 Rec.
489 2987 518 3033 et
538 2978 652 3033 Heamii
671 2980 706 3034 D.
725 2997 792 3052 quo·
832 2980 999 3050 Karthagine
1023 2981 1184 3042 substiterat,
1207 2986 1317 3050 postero
1343 2978 1387 3031 die
1479 2980 1480 3017 t

235 3057 315 3110 modo
334 3057 415 3109 etiam
434 3056 560 3125 Sigonius
579 3056 681 3119 edidit;
711 3075 790 3129 quem
831 3075 891 3112 cum
912 3057 951 3111 M.
966 3058 1056 3111 Silano
1074 3058 1102 3110 in
1122 3057 1274 3110 Lacetanos
1286 3055 1390 3126 profec·

234 3142 309 3187 recte
322 3150 416 3186 omnes
429 3133 612 3186 deseruerunt.
700 3142 703 3148 '
830 3141 904 3188 turus
934 3142 1015 3198 esset,
1042 3134 1104 3187 hinc
1130 3133 1232 3186 milites
1260 3132 1390 3195 seditiosi,

269 3211 334 3264 Non
341 3218 411 3264 metu
419 3212 497 3264 modo
506 3212 638 3280 omniqua
645 3213 743 3266 tacitus
753 3213 792 3265 in·
830 3212 910 3266 modo
923 3212 1109 3275 adventantes,
1129 3210 1283 3283 Scipionem
1302 3210 1389 3280 magis

235 3288 342 3341 ridebat
353 3290 459 3357 animis]
474 3288 534 3342 Put.
546 3287 614 3358 Reg.
627 3288 701 3342 Men.
713 3289 791 3342 Voss.
829 3290 915 3343 solum
927 3289 1051 3352 habituri,
1063 3306 1144 3361 quam
1156 3289 1208 3360 ipsi
1217 3289 1244 3341 in
1253 3295 1389 3358 potestate
1479 3326 1480 3351 .

234 3367 265 3415 rt
281 3367 359 3418 moda
374 3365 514 3434 ignorant:
533 3365 596 3419 dein
613 3368 705 3420 omnes
719 3366 796 3429 Gall.
830 3366 979 3436 ejusiirturi
992 3374 1076 3420 erant.
1115 3366 1176 3419 Vox
1185 3367 1286 3437 futuri
1303 3365 1332 3419 in
1350 3381 1391 3418 se·
1479 3358 1480 3391 ³

235 3450 264 3496 et
278 3441 345 3496 Pall.
358 3444 498 3496 insidebat.
518 3442 542 3496 J.
557 3443 587 3496 F.
602 3442 685 3496 Gron.
706 3443 792 3515 Supra
829 3445 971 3516 quentihus
984 3443 1061 3498 deest
1073 3444 1101 3497 in
1112 3443 1182 3496 Flor.

236 3536 266 3571 x.
285 3523 328 3572 41.
365 3520 521 3574 ‘Potentior
538 3520 606 3574 alius
625 3528 711 3574 metus
729 3521 792 3574 insi·
864 3514 908 3592 19
929 3521 987 3575 Sub
1011 3523 1073 3591 apsa
1089 3521 1260 3592 profitctione
1276 3520 1391 3573 alterius
1479 3566 1480 3591 ,

236 3596 302 3650 dens
314 3597 484 3668 pectoribus.’
519 3599 594 3652 Duls.
630 3599 694 3652 Non
712 3599 791 3653 modo
830 3600 963 3652 exercitus
980 3601 1127 3658 emissem,-
1153 3614 1270 3667 corpora
1287 3599 1391 3665 curent]
1479 3614 1480 3633 ¹

235 3682 306 3728 metu
324 3677 396 3729 omni
415 3675 483 3729 Lov.
502 3680 527 3729 5.
552 3693 604 3729 non
623 3683 693 3729 metu
711 3677 791 3738 omni,
832 3675 989 3746 Scripsimus
999 3678 1047 3730 sub
1056 3664 1145 3745 rpeiam
1151 3675 1356 3745 prqfectionem‚
1364 3680 1393 3726 et

237 3753 336 3806 omissa
348 3752 444 3806 vocula
453 3751 541 3815 modo,
554 3752 621 3806 Lon.
634 3757 656 3806 1.
667 3757 692 3806 2.
705 3751 793 3806 Hear·
830 3771 947 3822 corpora
959 3762 1063 3806 curant.
1102 3752 1173 3805 Nam
1183 3759 1211 3805 et
1219 3751 1277 3805 haec
1288 3758 1393 3823 postre-

236 3830 274 3881 nii
284 3830 316 3882 L.
331 3833 354 3883 l.
367 3830 402 3882 N.
416 3837 444 3883 et
456 3847 549 3883 omnes
560 3829 638 3883 codd.
654 3830 791 3892 Crerierii,
832 3848 876 3883 ma
899 3829 1019 3884 clausula
1043 3848 1060 3884 a
1083 3829 1261 3900 superioribus
1281 3828 1392 3900 pendet,

237 3907 283 3976 qui
300 3914 390 3961 tamen
409 3925 469 3961 eam
487 3903 665 3962 necessariam
679 3907 792 3975 judicat.
831 3924 910 3980 quem
920 3907 1062 3961 admodum
1070 3924 1118 3960 nos
1127 3906 1303 3959 distinxinius.
1317 3905 1393 3960 Rite-

239 3983 346 4044 Verum,
358 4002 418 4046 non,
430 3987 480 4039 sed
495 3988 577 4038 etiam
595 4002 643 4055 pro
657 3993 723 4037 ‘non
737 4002 793 4037 mo·
830 4002 894 4038 nan.
914 3985 972 4038 Sub
984 3986 1047 4053 ipsa
1051 3985 1220 4055 profectione
1229 3983 1258 4036 in
1270 4001 1325 4036 uno
1335 3991 1393 4037 tan·

238 4061 273 4113 do
286 4061 334 4113 sed
352 4061 440 4115 etiam'
451 4063 524 4133 poni,
537 4062 651 4115 vidimus
665 4063 699 4116 ad
712 4080 735 4115 c.
752 4065 791 4114 ll.
830 4067 885 4116 tum
896 4062 951 4114 vidi
958 4062 1025 4116 Lov.
1036 4067 1061 4115 3.
1076 4060 1193 4132 Reliqui,
1201 4060 1393 4114 consentienti-

237 4131 252 4208 1
275 4141 315 4190 14.
334 4138 483 4210 eodemque
508 4158 588 4194 sensu
612 4141 694 4194 ctiam
719 4147 793 4202 ‘non,
831 4138 1393 4193 buscddltom.1472.etParm.rectccum

238 4214 298 4268 sed’
321 4215 394 4286 poni,
419 4216 509 4271 docuit
539 4217 645 4271 Cortius
671 4217 706 4271 ad
730 4215 793 4270 Sall.
835 4215 1329 4286 Rhenanosubipsamprofectionem.
1351 4214 1394 4269 lta

240 4292 300 4362 lug.
327 4311 349 4346 c.
373 4288 446 4363 141
472 4298 514 4346 23.
541 4295 681 4348 Insidebat
705 4300 794 4348 sutem
834 4289 849 4363 1
861 4311 940 4364 praec.
961 4302 1033 4350 recte
1049 4294 1134 4348 Aldus
1147 4293 1231 4348 edidit
1247 4294 1393 4348 Subocca-
