2975 4950
214 385 317 445 10836
584 400 686 445 norm
715 399 912 444 vnmoaen
943 400 982 442 m

241 540 299 615 §10
308 545 506 600 Fomnatamen
514 545 764 599 Romanorumeae·
805 544 877 606 Quia
889 553 981 599 tamen
1001 544 1119 615 seqnitur
1131 560 1154 598 c.
1168 547 1210 597 2⁷.
1229 542 1361 612 ‘Signum

210 631 313 677 trorum
324 622 465 677 constabat
475 640 530 676 una
548 640 581 676 ea
593 626 649 693 epe]
669 622 726 676 Pal.
739 627 765 676 3.
803 622 837 675 ab
856 622 888 675 iia
909 622 1020 693 petitum
1042 621 1099 683 eatss
1118 620 1202 691 probo
1224 619 1363 685 vulgatam

201 699 413 769 formatantam
424 700 599 753 Remeartr.
628 697 765 754 Gebhard.
801 698 953 753 lectionem.
974 697 1034 752 Nee
1046 705 1088 752 eat
1100 699 1128 750 in
1140 698 1266 751 ordinem
1276 696 1364 757 ibant,

212 775 331 829 Freinah.
350 775 442 829 Iadica
461 775 489 828 in
509 774 578 828 Flor.
599 791 668 829 veae
687 774 768 846 ‘Spe
802 774 957 830 eedordr‘ne
966 776 1049 829 ibant.
1085 773 1233 828 Sicantem
1251 773 1365 841 integra

210 852 281 915 eiea‚'
291 853 388 923 forma
406 861 494 906 tamen
512 852 697 906 Romanomm
708 869 768 905 eae·
804 853 938 906 sententie
957 852 1012 921 legi
1030 850 1129 905 debet:
1152 850 1255 904 Forma
1272 858 1366 904 tamen

209 936 312 983 trornm
321 929 668 998 coartabatanaeaepeeie.
707 928 767 982 Me-
804 926 1365 996 Remeaerrnomnanaeaepeqaodrrib.

210 1005 261 1059 liae
272 1022 327 1059 nna
340 1014 471 1075 exparte.
491 1004 516 1059 J.
531 1003 560 1058 F.
575 1004 658 1059 Gran.
697 1005 765 1059 For·
804 1025 838 1059 ee
851 1014 920 1061 cont.
926 1006 990 1078 sar.
1005 1004 1083 1058 band
1094 1021 1154 1074 erp.
1166 1004 1222 1057 aed.
1232 1004 1287 1074 defi
1303 1004 1368 1057 rati

211 1090 278 1136 tana
289 1091 378 1137 tamen
390 1083 470 1136 Rom.
486 1081 552 1136 Lov.
569 1085 591 1135 1.
604 1085 629 1135 4.
643 1089 671 1136 et
685 1080 767 1135 Hnin.
796 1084 872 1156 fore,
884 1083 989 1152 etjara
998 1084 1110 1136 reddere
1120 1083 1148 1134 in
1160 1083 1251 1150 princ.
1262 1083 1323 1143 ain,
1335 1088 1369 1134 et

214 1158 282 1212 Vide
302 1158 336 1212 ad
355 1174 413 1212 xer.
430 1152 501 1228 md
517 1162 539 1211 l.
578 1157 659 1219 Quod
677 1166 767 1212 autem
804 1159 1365 1230 aionabeiepet„etinetat.aeei9.ordine

210 1235 431 1308 librariursorma
443 1242 548 1290 tantam
561 1236 642 1289 Rom.
655 1234 769 1297 dederit,
805 1238 889 1292 ibant.
896 1236 1019 1291 Rhenan.
1026 1235 1127 1290 Omnes
1136 1234 1206 1288 Gall.
1214 1243 1243 1288 et
1250 1234 1328 1287 Voss.
1333 1236 1367 1286 in

211 1311 303 1366 itidem
315 1313 385 1366 inter
402 1311 544 1366 sollemnes
557 1311 586 1364 id
603 1312 709 1382 generis
721 1311 769 1364 ho'·
805 1314 1101 1381 stationemaeoiqiliaa
1110 1314 1138 1366 in
1147 1313 1268 1366 ordinem
1277 1312 1367 1383 ibant.

211 1388 311 1442 minum
324 1405 427 1443 errores
439 1386 607 1442 referendum
619 1396 669 1443 est.
699 1388 768 1441 Vide
806 1391 831 1445 J.
842 1391 871 1445 F.
883 1390 966 1445 Gran.
979 1391 1164 1444 laetationem
1173 1385 1325 1456 aeeiqiliae
1333 1388 1367 1439 in

212 1460 377 1535 adrx.12.§
390 1469 415 1519 6.
436 1463 562 1518 Ceterum
576 1464 696 1519 Freineh.
705 1481 770 1519 con·
807 1468 1013 1524 ordinandam
1023 1467 1275 1521 Flordnrtatr'onem
1284 1465 1369 1518 acei—
1383 1462 1388 1467 '
1409 1532 1411 1534 Ι

207 1544 340 1611 jacturam
352 1541 476 1612 probarit
495 1540 614 1595 Gronov.
627 1542 655 1594 in
666 1558 706 1613 pr.
725 1540 768 1594 ed.
804 1546 1039 1613 qiliieinordinem
1047 1545 1124 1597 ibam
1132 1543 1210 1597 Voss.
1222 1541 1289 1596 Lar.
1300 1545 1324 1594 l.
1333 1546 1366 1593 et

212 1626 279 1673 nott.
292 1619 415 1672 eamdem
427 1618 508 1671 etiam
520 1616 650 1671 Gronovii
662 1619 770 1686 conjee-
809 1621 880 1676 Har.
888 1622 917 1674 in
928 1623 1045 1676 statione
1053 1619 1197 1689 aenioiliie
1205 1621 1234 1672 in
1242 1619 1370 1672 ordinem

211 1706 277 1750 tura
295 1694 402 1767 praefert
421 1694 578 1762 Donjatiue:
602 1701 676 1748 oerte
696 1701 769 1764 ‘ape-
808 1699 885 1753 ibant
894 1698 961 1752 Lov.
976 1702 1003 1750 2.
1015 1705 1044 1751 et
1056 1698 1270 1751 minorationem
1279 1695 1368 1755 ibant,

214 1773 276 1827 oiee’
289 1779 318 1827 et
335 1772 501 1842 ‘spea'soepe
519 1771 547 1824 in
568 1770 634 1824 Mea.
654 1788 772 1826 eommu-
806 1774 916 1847 reliquia
937 1774 1050 1836 omissis,
1071 1771 1147 1828 Harl.
1185 1772 1266 1834 Quod
1291 1770 1370 1824 Rhe-

212 1856 309 1904 tantur.
349 1847 418 1903 Vide
437 1847 523 1902 adm.
536 1842 593 1918 ab
615 1851 655 1901 la.
695 1848 769 1902 Male
807 1869 892 1907 nanus
913 1852 1004 1915 voluit,
1027 1851 1056 1905 in
1080 1850 1155 1904 nullo
1178 1858 1221 1905 eat
1244 1865 1369 1901 meorum

127 1928 130 1934 '
212 1933 240 1980 et
252 1933 344 1981 eontra
356 1941 449 1979 omnee
462 1923 540 1980 oodd.
552 1922 646 1979 ultima
660 1924 769 1979 Gruteri
809 1930 948 1984 Metorum,
972 1924 1372 1983 Atordimibamfuitinedi.

211 2002 254 2057 ed.
267 2001 333 2072 legit
349 2019 404 2056 nna
417 2019 517 2071 arcane,
529 2001 603 2072 quod
620 2010 711 2055 tamen
725 2019 771 2055 oo-
806 2007 842 2061 tis
854 2014 917 2061 anta
932 2005 1040 2060 Aldnm.

212 2079 348 2135 amionem
363 2078 481 2133 Gronov.
499 2078 644 2150 praebuisse
663 2077 770 2133 videtur
823 2078 875 2155 §11
889 2080 1369 2153 Ultrorpeiimperanteemervabent]

215 2154 378 2226 conjiciendi
386 2173 441 2210 nna
453 2173 487 2209 ee
493 2163 585 2225 parte.
807 2160 887 2229 [Vnde
907 2159 995 2215 Leatt.
1016 2160 1088 2230 Van]
1113 2160 1176 2229 Ipsi
1192 2161 1370 2227 imperantes,

248 2234 385 2303 Expertes
403 2233 544 2287 reditionis
561 2232 770 2304 defectionisque
806 2239 1050 2308 rewabmrlegunt
1060 2237 1127 2289 ιον.
1137 2241 1163 2290 a.
1173 2239 1198 2288 4.
1207 2240 1232 2288 5.
1248 2233 1325 2287 Harl.
1337 2240 1369 2289 et

215 2312 273 2365 rati
276 2311 381 2381 forent]
400 2307 557 2380 Legendum
569 2317 611 2363 est
629 2309 686 2362 rati
694 2308 770 2380 fore·
807 2314 868 2369 Ber.
877 2333 907 2370 ee
918 2316 1095 2384 imperatorer
1103 2313 1249 2368 servabant
1257 2310 1325 2363 Lov.
1334 2313 1364 2362 2.

217 2387 288 2441 Nam
297 2386 437 2458 sequentia
449 2385 651 2448 coherentem
661 2394 772 2439 auntae-
807 2393 879 2447 rdrro
888 2393 944 2462 iper·
955 2394 1093 2461 inparem
1101 2390 1246 2444 servabant
1252 2387 1360 2440 Gaertn

214 2462 343 2536 peranda»
361 2462 584 2536 quemadmodum
609 2462 637 2516 in
656 2462 771 2533 vulgatis
804 2470 876 2525 altro
888 2471 914 2524 ai
925 2466 1241 2538 imperanteaeernabant
1254 2464 1321 2518 Lov.
1336 2466 1361 2516 l.

214 2540 276 2596 edd.
288 2540 387 2595 iactum
400 2540 530 2594 videmus.
549 2539 675 2596 Rbenan.
697 2542 771 2595 Rati
808 2547 924 2601 Vosaet
942 2547 1018 2610 Flor.
1029 2563 1090 2601 am.
1099 2564 1141 2617 pr.
1150 2545 1224 2598 altre
1241 2542 1295 2596 eibi
1315 2543 1371 2593 im-

206 2620 282 2690 fore,
293 2626 390 2690 praeter
402 2617 487 2672 selum
499 2617 560 2672 Ber.
574 2634 666 2672 omnes
679 2618 740 2671 mei.
802 2631 932 2693 perantes
951 2624 1096 2678 emebant
1109 2621 1178 2688 Flor.
1191 2639 1210 2675 a
1220 2637 1255 2673 m
1265 2635 1320 2672 aaa.
1333 2626 1368 2672 et

249 2695 370 2765 Etjttra
382 2696 494 2749 reddere
507 2697 536 2748 in
541 2695 691 2765 primitiis
703 2696 772 2748 tine·
810 2700 881 2755 Har.
898 2699 1033 2771 quomodo
1050 2699 1134 2752 Gron.
1146 2699 1175 2752 in
1186 2716 1226 2769 pr.
1239 2695 1282 2749 ed
1295 2701 1369 2748 nott

216 2774 290 2844 bant]
308 2770 773 2841 ContentuPut·Reg·Me11-V08⁸·
807 2777 908 2840 maluit,
925 2777 992 2831 etin
1008 2784 1162 2831 contextum
1174 2773 1284 2844 recepit,
1302 2772 1370 2825 inde

214 2851 319 2920 atjara
328 2851 441 2905 reddere
450 2850 632 2919 inprinaapr'ie
641 2851 772 2904 sinebant.
807 2862 903 2927 postea
919 2871 953 2908 ea
964 2854 1047 2908 lectio
1057 2870 1107 2925 per
1118 2852 1235 2923 reliquae
1252 2850 1372 2903 recenti-

216 2927 300 2989 Quasi
312 2927 470 2998 significent,
482 2927 600 2997 speeiem
612 2933 714 2980 tantum
727 2928 772 2994 ju·
808 2948 868 2986 ores
881 2929 943 2986 edd.
955 2937 1105 3002 propagata
1114 2937 1164 2983 est.

213 3005 373 3059 riediotionis
387 3012 415 3058 et
426 3004 568 3074 imaginem
584 3002 695 3056 tribunis
708 3021 772 3057 con·
844 3004 858 3079 §
872 3012 903 3062 la
916 3007 961 3062 Aa
966 3008 1066 3077 paullo
1073 3015 1162 3076 poete
1173 3007 1282 3075 caetrie]
1297 3004 1373 3058 Can·

215 3081 336 3135 cessisse.
374 3080 429 3134 Sed
441 3080 493 3134 hoo
509 3078 576 3134 forte
597 3087 718 3148 argutum
731 3081 771 3134 ni-
807 3085 1059 3154 tabr.poetpanllo.
1089 3084 1186 3137 Itidem
1196 3101 1230 3137 ex
1244 3082 1324 3135 Voss.
1338 3091 1370 3135 et

216 3158 273 3211 mia.
313 3158 668 3228 Legentjararedderent.
699 3156 724 3211 J.
740 3157 770 3211 F.
811 3161 882 3216 Gud.
904 3151 1158 3233 notavit'pater,de
1179 3177 1233 3230 quo
1253 3159 1370 3213 vidend

216 3234 299 3288 Gran.
329 3235 389 3289 Sed
396 3234 468 3304 jara
488 3234 602 3287 reddere
616 3232 727 3287 Gaertn.
742 3243 771 3288 et
813 3253 889 3292 xxm.
906 3244 951 3292 60.
969 3239 1032 3293 Jae.
1060 3240 1145 3292 Gran.
1183 3236 1227 3290 Ita
1247 3245 1278 3290 et
1297 3236 1371 3290 Flor.

219 3310 331 3365 Hearnii
346 3310 381 3364 D.
391 3311 494 3379 etjam
504 3311 616 3364 reddere
630 3310 691 3365 Flor
702 3311 770 3366 Lov.
810 3314 878 3369 Lov.
905 3320 927 3369 1.
949 3320 976 3369 2.
1002 3321 1027 3368 4.
1050 3320 1075 3369 5.
1103 3314 1179 3369 Harl.
1203 3323 1232 3368 et
1257 3314 1371 3368 Gaertn.

217 3393 242 3442 2.
267 3396 296 3443 et
322 3387 435 3442 Hearnii
461 3388 497 3441 N.
522 3405 602 3458 quam
626 3386 769 3442 lectionem
815 3391 884 3446 Vide
896 3392 931 3446 ad
941 3391 994 3446 (1.1.
1009 3409 1083 3446 xxm.
1097 3387 1159 3462 bob
1175 3396 1216 3445 16.

217 3465 336 3519 Gronov.
354 3466 484 3536 probass'e
502 3465 609 3519 videtur
627 3465 656 3519 in
673 3484 712 3538 pr.
726 3466 770 3521 ed.
847 3470 879 3523 G.
896 3468 1008 3522 Albium
1025 3470 1155 3523 Galennm
1169 3475 1196 3523 et
1212 3468 1243 3522 G.
1253 3468 1368 3522 Atriam

216 3549 282 3596 nott.
301 3541 336 3596 ad
349 3558 434 3596 xxrx.
451 3546 473 3595 1.
510 3542 548 3596 Ut
557 3542 629 3610 jara
645 3545 771 3598 redderet
811 3546 958 3615 Umbriam]
967 3544 1125 3616 Scripsimna
1140 3545 1372 3599 0.AtrinmUm-

219 3619 285 3673 Lov.
302 3623 324 3672 1.
336 3627 368 3674 nt
368 3619 441 3687 jara
455 3620 597 3673 redderent
610 3618 722 3674 Hearnii
736 3621 769 3675 L.
806 3624 890 3676 brnm.
923 3622 959 3676 Et
972 3640 1035 3675 mox
1044 3622 1163 3676 delatam
1175 3622 1292 3676 ornninrn
1308 3639 1372 3675 eon·

218 3701 241 3749 l.
272 3695 407 3750 Nondum
421 3705 512 3751 tamen
533 3695 603 3750 hane
626 3696 769 3751 lectionem
807 3701 1037 3768 aeneaimperiam
1052 3698 1234 3754 eetRhenan.
1254 3697 1382 3759 Quidam·

215 3772 243 3825 in
265 3780 419 3828 contextum
444 3772 584 3828 admittere
603 3789 682 3826 auena
703 3790 770 3837 aum,
806 3794 854 3848 pro
862 3778 974 3831 Actium
982 3776 1277 3830 restitueruntAtrnm:
1289 3775 1366 3847 qnod

216 3848 282 3903 lieet
311 3850 391 3903 etiam
419 3850 480 3904 duoe
504 3849 603 3903 ultimae
626 3850 704 3905 litera
727 3855 773 3902 rai
807 3852 1228 3927 inorationaSeipionispoateaa.
1239 3852 1374 3906 witela-

216 3927 358 3981 redderent
368 3926 447 3981 facile
460 3926 595 3982 absorberi
607 3928 772 3998 potuerinta
810 3938 889 4000 gatar
899 3952 905 3983 ι
915 3931 975 3984 Sed
980 3930 1025 3983 illi
1033 3928 1294 3984 tamennenAetinm
1305 3929 1370 3982 Um·

217 4002 493 4074 vocalemquentiin
809 4006 1373 4070 brameemilieammominieetiamabomi·

254 4079 411 4149 &mamad
422 4082 462 4135 eie
468 4082 606 4151 petebant,
619 4089 646 4135 et
656 4083 686 4134 in
694 4082 773 4135 atati·
809 4086 896 4139 nandi
904 4086 1004 4139 dncmn.
1040 4084 1154 4138 Atriam
1170 4081 1372 4138 ab‘atro’dioi

217 4157 437 4226 oneaaaviyila'ae
445 4160 475 4211 r'n
483 4160 603 4213 ordinem
613 4159 696 4228 ibant]
708 4158 773 4211 Non
812 4160 936 4223 voluisse,
954 4178 1009 4215 non
1029 4160 1178 4215 ‘Aetium’
1214 4159 1313 4212 Veram
1326 4176 1371 4211 ras

190 4253 194 4260 ·
217 4242 258 4288 eet
277 4234 304 4287 in
323 4233 422 4305 scripto
440 4234 500 4288 aad.
514 4244 540 4288 et
557 4238 662 4304 eiormm
680 4236 715 4289 ab
734 4238 773 4289 eie
811 4255 865 4292 non
876 4238 994 4292 eattanti
1002 4238 1138 4292 momenti.
1158 4236 1239 4290 alar.
1258 4235 1371 4288 Atriam

212 4310 773 4383 petebantsedtantumetabeiepetebant.
810 4322 906 4370 vocant
926 4332 1019 4368 omnes
1041 4314 1120 4369 codd.
1144 4321 1171 4368 et
1191 4313 1254 4366 edd.
1272 4312 1371 4383 prinei·
