2975 4950
225 402 330 460 10340
600 410 702 453 noum
731 406 928 450 vuaronum
958 408 997 450 nu

222 561 292 614 isse’
313 577 336 614 c.
352 563 393 612 43.
420 557 527 619 ‘Quum
544 563 657 626 quatuor
676 553 777 607 exerei·
816 552 927 623 possint.
942 553 1036 620 Siqoe.
1075 549 1184 620 Sigonio
1203 547 1376 602 scribendum

222 646 264 692 tus
280 638 429 698 Poenorum,
444 642 608 704 quatuorque
624 632 705 685 duces
722 649 778 684 om·
814 629 927 692 videtur,
945 630 980 682 P.
996 630 1071 697 Seip.
1100 645 1159 680 eum
1175 627 1232 679 ben.
1246 634 1273 679 et
1283 643 1377 695 popa-

222 709 269 762 nia
283 716 357 761 metu
379 706 510 775 armisque
525 704 662 758 tenereut'
689 718 776 755 xxru.
815 707 869 759 lam
881 708 1034 761 Rmnamrm
1043 704 1374 774 eeseqratioereferendae.

225 790 265 839 ll.
292 793 300 816 ‘
322 784 390 839 Cum
411 801 459 836 sex
482 781 685 853 imperatoribus
707 797 777 840 eum,
817 784 871 838 Sed
896 800 989 838 omnes
1018 783 1088 836 Gall.
1119 782 1226 852 duoque
1249 780 1318 833 Pali.
1343 787 1376 832 ct

222 880 270 916 sex
278 860 459 916 consularibus
467 859 633 914 exercitabus
644 858 701 911 acie
714 874 778 911 con·
817 864 894 917 voss.
907 864 1069 932 reipublicae,
1103 863 1174 916 Vera
1186 870 1229 916 est
1241 862 1376 932 scriptura

222 941 339 994 dixisse!
358 955 443 991 xxix.
460 943 486 991 5.
513 936 573 989 ‘Ut
586 934 689 989 duobus
704 934 778 987 duci·
814 950 899 994 vetus.
923 942 1040 1002 Quidni
1060 941 1130 995 enim
1149 941 1299 1007 beniqnitas
1317 940 1373 991 rei.

222 1019 280 1081 bus,
297 1017 400 1071 duobus
413 1013 572 1069 exercitibus
593 1012 721 1065 Romanis
736 1029 778 1064 re·
809 1019 926 1087 publica
942 1019 1072 1081 laudetur,
1084 1019 1130 1071 ubi
1139 1025 1255 1079 senatus,
1268 1015 1313 1069 ubi
1323 1032 1375 1086 po.

223 1096 346 1149 sistatur!
376 1108 503 1146 xxxvnr.
523 1096 567 1145 53.
603 1089 691 1142 ‘Ideo
713 1105 778 1158 qua·
815 1097 901 1167 palus,
917 1097 957 1150 illi
974 1097 1019 1167 qui
1035 1094 1225 1166 rempublicam
1244 1101 1373 1153 tractant,

222 1180 282 1226 tuor
301 1171 477 1225 nobilissimos
497 1169 578 1222 duces
592 1167 734 1221 Poenorum
749 1168 777 1219 in
814 1174 922 1244 benigni
944 1175 1022 1227 sunt?
1048 1173 1153 1227 Seneca
1170 1170 1204 1224 de
1228 1169 1323 1223 Benef.
1343 1188 1370 1221 v.

225 1249 365 1320 Hispania,
377 1256 491 1318 quatuor
510 1246 642 1300 exereitus
658 1244 727 1298 tirdit
738 1244 778 1298 fu-
818 1256 859 1305 17.
889 1252 972 1322 ‘Ipsa
989 1250 1141 1322 respublica
1164 1265 1243 1319 quam
1267 1247 1376 1316 ingrata

223 1326 367 1397 geritque?
817 1331 844 1382 in
862 1329 976 1400 optimos
994 1347 1025 1383 ac
1042 1326 1230 1381 devotissimos
1245 1324 1296 1378 sibi
1314 1323 1375 1376 fue-

247 1405 312 1457 Suis
320 1403 488 1473 rectefaciid]
499 1400 652 1455 Inseruimls
662 1400 777 1453 mediam
815 1408 857 1470 rit,
870 1423 1003 1477 quamque
1018 1424 1072 1459 ῃοῃ
1088 1405 1174 1457 minus
1189 1419 1260 1473 saepe
1275 1417 1376 1472 pecca.

222 1497 318 1534 vocem
338 1480 371 1532 ab
390 1480 510 1532 Omnibus
531 1478 634 1548 scriptis
652 1477 777 1546 agnitam,
814 1485 892 1547 verit,
912 1501 991 1555 quam
1011 1483 1039 1535 in
1057 1484 1143 1553 ipsam
1159 1488 1299 1551 peceatum
1321 1484 1375 1530 est.

223 1555 271 1610 sed
285 1556 450 1628 apostremis
463 1555 620 1626 quibusdam
633 1554 693 1608 edd·
707 1554 776 1607 male
818 1562 959 1616 Camillum
979 1560 1131 1614 inexilium
1150 1558 1238 1610 misit:
1269 1555 1376 1626 Scipio-

222 1633 381 1703 neglectflm·
431 1633 466 1686 Et
487 1640 563 1703 pater
587 1649 646 1686 eam
671 1648 777 1703 quoque
816 1657 877 1693 nem
898 1638 1013 1691 dimisit?
1050 1637 1133 1690 Secus
1155 1634 1289 1703 vulgatam
1313 1649 1372 1685 non

223 1711 334 1780 margini
353 1709 521 1781 adposuerat.
547 1726 566 1762 1.
587 1714 629 1763 33.
657 1709 779 1763 ‘Disori
817 1734 993 1770 moveremus.
1013 1714 1082 1767 Vide
1096 1713 1131 1767 ad
1144 1710 1322 1764 xxv1.35.J.
1337 1709 1373 1761 F.

223 1788 294 1841 mine
312 1796 385 1842 recte
411 1807 445 1842 an
468 1793 607 1859 perperam
628 1788 691 1842 faeti
715 1804 778 1841 con·
822 1795 906 1848 (ἢθη,
926 1794 1003 1864 Saepe
1012 1795 1045 1844 rb
1057 1791 1207 1860 respublica
1217 1796 1245 1841 et
1251 1786 1375 1856 populus

223 1865 299 1918 lirso!
336 1882 361 1917 v.
386 1870 429 1918 47.
466 1865 576 1927 ‘Quum
601 1873 629 1918 et
652 1873 725 1919 recte
750 1871 778 1917 et
817 1873 966 1933 Romanus,
977 1864 1203 1933 siv'e,utbreviter
1215 1865 1375 1924 scribuntur,

224 1958 364 2012 perperam
389 1942 459 1995 facto
483 1943 596 2012 pretium
621 1941 778 1997 deberetur?
816 1968 876 2019 ap,
889 1958 917 2003 et
924 1967 955 2018 p,
966 1950 1030 2002 Ra
1041 1946 1154 2000 librariis
1166 1942 1374 2000 confunduntur.

225 2035 311 2071 xxrx.
328 2024 367 2072 16.
399 2019 546 2072 ‘Omnium
556 2020 632 2074 nobis
644 2027 717 2074 reete
730 2037 779 2090 per
818 2028 885 2081 vide
896 2027 931 2082 ad
940 2043 981 2079 rx.
991 2020 1093 2095 aad&
1132 2023 1231 2075 Verum
1243 2018 1371 2073 hocloco

224 2113 370 2167 peramque
389 2096 518 2150 laetorum
535 2097 628 2150 testis!
649 2113 716 2151 xiv.
733 2101 777 2149 37.
815 2114 888 2160 recte
922 2103 1024 2174 Sigonii
1054 2103 1243 2169 conjecturam,
1272 2095 1373 2149 nullius

224 2173 290 2227 ‘Ita
319 2181 347 2227 et
373 2175 487 2245 pretium
506 2182 579 2228 recte
601 2174 665 2229 facti
688 2174 779 2228 trium·
815 2182 1037 2244 codfidenisam,
1052 2179 1189 2234 Gronovio
1202 2173 1373 2246 displicuisse

223 2249 306 2321 phum
322 2250 434 2306 haberet
451 2251 483 2305 L.
498 2252 597 2305 Paulus
617 2261 644 2305 et
663 2269 778 2323 poenam,
815 2269 889 2332 puto.
922 2259 1048 2313 Ceterum
1065 2265 1092 2311 et
1111 2255 1273 2325 reipublice,
1293 2257 1323 2304 ut
1344 2251 1374 2303 in

224 2328 247 2379 si
265 2327 329 2398 quid
347 2335 439 2382 vetere
462 2329 547 2398 gloria
571 2346 620 2382 sua
639 2329 778 2399 indignum
816 2337 893 2391 codd.
915 2338 969 2389 suis
988 2336 1098 2396 invenit,
1113 2331 1184 2404 apud
1202 2348 1246 2383 me
1263 2336 1375 2382 servant

223 2403 347 2457 fecisset?
373 2406 436 2458 Jac.
455 2406 539 2460 Gran.
566 2406 666 2460 Vocem
679 2416 779 2460 rectea
818 2415 887 2468 Flor.
911 2414 989 2468 Cant.
1017 2413 1095 2465 Voss.
1117 2410 1185 2463 Lon.
1204 2412 1228 2460 l.
1252 2411 1278 2458 2.
1300 2410 1325 2457 3.
1346 2409 1373 2457 4.

225 2480 282 2535 lac.
295 2482 411 2537 Gronov.
430 2483 547 2538 additam
563 2493 710 2553 agnoscunt
723 2503 779 2538 om·
820 2491 895 2546 Harl,
918 2491 1028 2545 Gaertn.
1048 2489 1119 2542 Hav.
1140 2495 1168 2541 et
1188 2484 1301 2538 Hearuii
1316 2482 1374 2536 01-

223 2576 271 2613 nes
289 2560 341 2613 mei
360 2560 426 2614 Mss.
442 2569 470 2615 et
489 2561 549 2615 edd.
566 2577 650 2632 usque
668 2562 702 2615 ad
718 2562 779 2615 ulti·
816 2588 877 2623 mm,
898 2569 1034 2622 Praeterea
1046 2567 1082 2619 P.
1093 2566 1247 2634 Scipionem
1254 2576 1374 2629 procon-

225 2653 295 2690 mam
314 2636 428 2700 Gruteri‚
445 2639 492 2692 ubi
506 2639 621 2711 pessime
638 2640 778 2693 omitteba·
815 2648 906 2710 aulem,
925 2646 986 2700 edd.
998 2644 1140 2716 principes.
1187 2640 1258 2694 Tum
1279 2653 1373 2691 rervm

224 2721 275 2767 tur.
320 2714 359 2769 Ut
386 2723 474 2770 autem
502 2724 591 2770 ‘reete
617 2715 704 2779 facte'
739 2717 778 2770 ita
815 2725 977 2793 balanitae
994 2722 1063 2775 Flor.
1076 2721 1153 2774 eant.
1168 2718 1246 2771 Voss.
1265 2716 1334 2768 ιον.
1347 2718 1372 2765 1.

224 2792 312 2845 ‘bene
330 2792 415 2848 facta'
434 2811 505 2847 xxv.
518 2798 561 2847 31.
598 2794 683 2849 ‘Non
699 2794 777 2865 plura
815 2808 840 2857 2.
853 2802 929 2856 Harl.
942 2808 970 2855 et
980 2800 1052 2854 Hav.
1070 2800 1194 2852 Deorum
1205 2794 1372 2862 beniyaitate

221 2886 270 2940 per
291 2885 374 2924 annos
398 2872 590 2941 quinquaginta
600 2863 682 2925 'nene
705 2871 777 2925 facta
817 2880 884 2933 ιον,
902 2884 928 2933 3,
965 2878 1020 2932 sad
1036 2876 1098 2930 vide
1116 2875 1151 2929 ad
1164 2890 1238 2927 xxrr.
1256 2875 1299 2923 22.
1316 2864 1371 2939 §b

225 2944 368 3000 Hieronis:
406 2963 523 3001 xxxva.
551 2953 575 3002 l·
612 2949 775 3003 ‘Veteribus
816 2957 981 3011 Paulloante
1001 2949 1280 3014 arbitrantiaaibil
1297 2950 1372 3001 inca-

222 3024 291 3077 beue
304 3024 380 3077 factis
394 3043 465 3079 nova
473 3033 617 3096 pensantes
630 3021 778 3080 maleficia?
813 3036 931 3088 mallius
943 3014 1010 3087 hav.
1023 3039 1050 3086 5,

223 3117 305 3154 xun.
320 3107 343 3155 7.
379 3112 387 3134 ⁴
400 3103 532 3173 Exposuit
541 3103 655 3157 civitatis
662 3104 775 3175 primum
831 3107 985 3182 §9Miseis
1004 3112 1077 3164 eirca
1089 3107 1286 3178 sapendiarias
1305 3104 1372 3156 eivi-

222 3195 277 3233 suae
289 3180 358 3233 bene
367 3179 452 3234 lacta.5
571 3179 573 3182 ’
813 3181 1373 3256 tatiaexactoribaspapeadispempropin·

251 3252 342 3327 §tEt
353 3259 388 3311 P.
399 3259 551 3327 Scipionem
560 3260 651 3312 Deum
658 3260 776 3327 beniyni-
814 3268 1006 3338 quamfacere]
1026 3264 1155 3336 Polybius
1168 3265 1263 3315 1123.
1293 3258 1371 3323 Xdpw

222 3343 285 3397 tate,
298 3342 324 3387 et
332 3335 522 3404 rempublicam
529 3353 585 3389 esse
596 3338 695 3404 pratia
707 3338 776 3408 refe·
813 3345 840 3396 al
857 3349 902 3396 wo
918 3344 1075 3395 πιστεύεσθαι
1091 3343 1138 3402 τὴν
1151 3337 1308 3403 hamalo,
1323 3336 1370 3386 ras

221 3414 320 3481 rendae]
342 3411 415 3466 Nota
430 3413 482 3467 hoo
501 3412 606 3466 dicendi
627 3430 720 3483 genus,
738 3416 774 3469 P·
814 3422 1003 3485 ἐπιτεταγμένας
1022 3421 1134 3486 εἰσφορὰς
1145 3422 1199 3470 ταῖς
1209 3416 1298 3467 πόλεσι
1309 3413 1369 3479 πρό-

223 3489 376 3557 Scipionem
384 3491 605 3559 etrempublieam
613 3508 669 3545 esse
674 3494 775 3559 pratia
813 3521 884 3566 repar
905 3501 939 3552 εἰς
956 3502 1003 3560 τὴν
1022 3502 1068 3549 τοῦ
1088 3497 1180 3549 παντὸς
1202 3490 1370 3559 στρατοπέδου

221 3566 375 3636 reflerenclae.
395 3565 473 3638 Saepe
481 3567 551 3621 enim
559 3568 773 3639 pergerundium
811 3578 938 3643 χορφῃῖαν,
954 3567 1033 3627 ’ταῦτα
1050 3580 1092 3627 νῦν
1110 3572 1233 3640 ἀθροίζειν.
1272 3570 1369 3637 Siqua.

221 3659 275 3698 non
288 3643 331 3699 hic
347 3645 493 3708 modo‚sed
507 3647 590 3699 ceteri
606 3663 713 3717 quoque
728 3664 775 3701 au·
815 3656 916 3709 Omnes
939 3654 1010 3708 Gall.
1028 3655 1105 3707 missi
1124 3659 1152 3706 et
1162 3652 1264 3722 fecere.
1303 3646 1369 3699 Non

221 3720 312 3775 thores
321 3723 394 3793 loqui
403 3722 497 3777 solent·
523 3724 601 3776 Glar·
630 3723 774 3795 Malmpro
812 3733 904 3787 dubito
921 3732 1090 3785 exactoribus
1109 3730 1209 3783 factum
1221 3742 1270 3798 pro
1290 3737 1370 3778 eeac-

221 3800 552 3870 rempubliwmfflopulum
557 3801 718 3864 Romanum,
728 3820 777 3855 no·
812 3812 887 3872 toris,
895 3815 925 3862 ut
938 3808 1032 3862 babuit
1047 3808 1176 3878 scriptura
1192 3802 1330 3864 vetustior,
1340 3808 1368 3853 et

221 3883 250 3928 to
263 3894 358 3931 errore.
379 3878 478 3932 Sensus
491 3900 496 3931 :
512 3878 584 3939 Quia
593 3878 689 3931 milites
702 3878 776 3932 dixe·
809 3887 948 3958 rel‘rqmsse
960 3886 1066 3940 Livium
1079 3887 1174 3939 leniter
1183 3883 1232 3951 aqi
1238 3881 1368 3951 placuit:

219 3961 287 4015 rant,
312 3955 365 4007 suis
389 3963 462 4011 recle
489 3956 565 4010 factis
590 3956 701 4025 gratiam
729 3957 775 4027 qui
811 3973 838 4018 et
848 3966 925 4018 missi
940 3966 1015 4018 eirca
1032 3967 1095 4033 stip
1105 3965 1156 4016 cio.
1169 3967 1308 4015 exactores
1320 3958 1369 4010 sti·
1459 3984 1462 3992 ·

219 4029 343 4094 referant,
362 4050 415 4086 non
441 4051 519 4095 esse;
544 4033 707 4104 respondent
730 4034 776 4087 tri·
806 4045 985 4112 pendmpem
992 4043 1182 4112 propsecqe.
1201 4036 1226 4090 J.
1241 4035 1271 4089 F.
1283 4034 1366 4088 Gron.

220 4108 294 4171 huni,
304 4126 333 4162 se
346 4110 473 4173 laetariet
482 4109 513 4163 P·
523 4110 675 4181 Scipionem
684 4110 774 4164 Deum
810 4121 896 4174 Masi
908 4127 935 4174 et
942 4120 1036 4190 fecere
1048 4119 1129 4172 etiam
1144 4115 1280 4171 Hearnius
1292 4113 1320 4165 in
1335 4111 1367 4164 L.

219 4185 384 4255 benignitate
397 4189 497 4250 vivere,
511 4190 585 4256 eujus
598 4189 689 4242 mortis
704 4189 775 4244 fama
812 4202 835 4250 1.
854 4198 965 4250 invenit,
1003 4195 1058 4250 Sed
1078 4196 1155 4249 missi
1169 4192 1249 4265 pauci
1263 4198 1367 4245 tantum

218 4266 415 4332 percrebuerat,
437 4273 464 4319 et
478 4265 606 4336 populum
623 4266 774 4321 Romanurn
810 4293 927 4328 meorum
945 4275 1040 4345 fecere
1062 4272 1129 4327 nulli
1154 4270 1289 4331 exhibent,
1314 4266 1366 4320 nisi
1423 4332 1426 4340 ,

219 4358 287 4404 esse,
308 4342 346 4397 ita
358 4351 387 4398 ut
404 4344 517 4413 gratiam
530 4343 655 4400 militibus
675 4345 773 4400 referre
809 4352 876 4406 sorte
889 4352 964 4406 Harl.
974 4351 1045 4405 unde
1066 4351 1100 4406 ad
1117 4368 1176 4405 eam
1193 4364 1288 4405 vocem
1300 4342 1365 4397 nihil
