2975 4950
336 399 373 449 n.
400 394 493 446 arun
515 393 619 447 ursa.
643 392 716 442 tra.
739 392 860 443 xxix.
881 392 966 442 aaa.
989 376 1044 444 lt.
1129 376 1238 443 10465

136 549 185 602 eal,
194 548 221 592 et
229 542 347 593 Parthini
359 542 468 606 populns
477 539 593 605 Illyrius.
603 538 670 589 Dak.
705 542 800 601 mouet,
811 543 839 589 st
849 537 992 588 Macedonia
1001 540 1100 588 aduri.
1132 538 1237 588 Priasus

136 620 177 669 De
189 620 377 683 orthographia
393 619 463 669 socia
478 617 591 667 Parthini
611 617 669 666 ride
707 614 834 662 reroPal.
844 613 1000 663 Atintaniaai
1009 613 1087 663 muris
1097 613 1238 663 Romanu·

137 696 345 745 adnuuntd.
363 697 432 759 ill.
464 694 528 743 'l'nnr
545 692 670 743 Dimalssrs
703 690 1239 766 gotisadsraatuaspntrossel,sstMsredusioe

136 770 249 821 Hearnii
273 773 306 821 D.
325 770 455 836 quomodo
477 771 557 820 etiam
579 768 670 832 Polyb.
705 768 807 815 rederet.
824 767 1022 830 Pal.2.exigus
1033 774 1147 816 ostentat
1160 768 1239 816 vesti·

136 847 206 912 apud
217 848 309 910 Sigon.
317 847 418 897 scribit.
435 846 578 911 Dyansnlum
585 843 670 894 Hear·
706 843 750 904 gis
766 858 836 894 veru
855 843 988 894 lectioniar
1015 842 1145 894 Atlantas
1160 845 1239 895 valon

134 923 169 971 nii
183 922 251 972 1..1.
285 922 457 986 videndas.
490 920 592 971 Deinde
604 920 670 969 Bar·
707 921 809 971 Romam
820 922 1239 987 legatisodsertntssm,etpatraaaars

133 1001 229 1062 cauam
250 1002 320 1051 Flos.
337 1003 413 1050 Voss.
427 1001 540 1050 Gaettu.
560 997 670 1047 Hearnii
706 998 1059 1050 marcommannaoehn.
1093 998 1152 1049 Hoc
1164 1015 1238 1050 exer·

135 1077 172 1127 N.
195 1085 227 1127 et
251 1076 313 1126 edd.
343 1077 486 1140 principes.
532 1073 670 1135 Bora-iliam
705 1075 1239 1140 onitrniriiicaGlareanunietSigouiuna.

135 1151 214 1203 Harl.
240 1154 304 1203 Rea.
324 1161 351 1202 et
373 1152 481 1202 Hearnii
501 1152 539 1200 D.
572 1151 670 1214 Pyrrus
708 1154 837 1217 ligavero
856 1157 939 1220 magia
958 1157 1046 1217 miror,
1063 1171 1096 1205 ea
1114 1170 1240 1221 quapau·

134 1229 193 1292 ejua
217 1230 276 1280 loco
304 1229 440 1291 legendum
467 1226 574 1290 conjicit
601 1227 671 1277 Dou·
707 1231 871 1296 nucealibri,
884 1233 1016 1283 nonenim
1036 1232 1238 1295 lihrn,hanserit

128 1307 180 1370 jat.
193 1307 267 1356 nulla
286 1307 443 1369 conjecturas
465 1304 566 1354 ratione
583 1302 669 1353 reddi·
707 1307 873 1370 propinatam
884 1307 968 1372 uobis,
986 1323 1061 1371 quiam
1072 1307 1239 1357 sensuimus»

132 1389 177 1433 ta:
190 1392 221 1433 at
233 1384 351 1447 proxime
360 1384 409 1431 hnc
418 1382 540 1432 contenit
550 1380 671 1444 Bargala,
707 1382 770 1433 bers
780 1385 941 1447 optimumst
952 1384 1240 1447 perfectissimumceu·

134 1460 205 1523 qsiod
228 1474 322 1510 namen
334 1475 368 1509 ex
380 1458 480 1509 duobus
499 1456 670 1521 scriptoribus
707 1464 759 1519 set,
769 1460 907 1511 lectionem
918 1460 1055 1520 Sigonius:
1073 1460 1241 1518 remaneas,

134 1536 240 1586 Gracia
251 1537 378 1586 indicavit
391 1536 526 1586 Dukerus.
550 1534 670 1584 Tandem
706 1537 789 1585 addito
799 1538 859 1600 quad
869 1538 949 1586 misna
957 1539 1058 1587 Romam
1069 1540 1156 1600 legatis
1166 1539 1195 1588 oi
1202 1553 1240 1589 se·

133 1616 156 1661 ei
177 1613 324 1675 Emgenism
342 1613 454 1661 Gaertn.
481 1618 506 1662 et
525 1611 671 1673 Etugenism
705 1619 767 1663 natu
781 1614 956 1677 impetrassent,
967 1620 996 1665 ari
1009 1617 1133 1665 Macedoni
1144 1617 1238 1667 accede·

134 1678 228 1741 intel.
247 1696 272 1741 3.
300 1697 324 1741 et
350 1690 485 1751 Egeasiam
506 1689 615 1740 Hearuii
636 1689 669 1738 N.
706 1696 770 1741 reat.
787 1690 948 1750 Primovide
961 1692 1139 1742 Latinitatem.
1164 1694 1240 1742 Dixit

133 1769 278 1832 Donjatius
290 1768 438 1830 Laminium,
450 1765 491 1816 tal
503 1768 589 1830 potina
599 1764 670 1828 AEgs'·
707 1777 804 1825 antem,
823 1770 905 1819 addito
923 1772 985 1834 qaod
1001 1770 1069 1819 idem
1085 1785 1152 1833 esse,
1169 1770 1238 1834 qnod

131 1844 201 1893 aium
222 1844 347 1906 malebat,
362 1843 431 1908 qriod
445 1844 581 1905 Eugenium
599 1843 670 1905 igno·
707 1844 744 1893 illi
756 1844 847 1895 dicunt
859 1844 1027 1910 ‘datoqnod’
1038 1855 1066 1896 et
1075 1862 1122 1911 pro
1133 1848 1239 1912 ‘quam-

133 1927 191 1970 tum
215 1922 374 1985 geographia
395 1934 491 1970 nomen
517 1919 569 1968 ait:
597 1918 671 1982 qussi
708 1919 764 1969 ria:
780 1922 887 1971 Scilicet
899 1923 1171 1985 hujusmodisermoue
1181 1937 1238 1985 per·

132 2010 197 2046 sero
210 1997 281 2061 apud
299 1996 461 2059 geographos
473 1994 545 2045 nulla
556 1990 618 2056 ἅπαξ
628 2001 670 2044 λε·
706 1996 830 2046 suaderet
842 1998 926 2062 nobis,
944 1997 1088 2047 carolinam
1101 1997 1239 2048 consolati·

131 2072 228 2136 pipern
239 2075 431 2124 abstinerent.
707 2088 785 2123 onem
801 2075 946 2124 Tullianam
965 2089 1034 2125 essa.
1068 2076 1110 2125 Ne
1128 2075 1165 2123 illi
1183 2075 1239 2139 qui·

166 2149 304 2200 Asinianos
320 2150 398 2199 missis
418 2150 521 2199 Romans
538 2148 671 2211 legationi
708 2149 778 2214 dem,
789 2152 832 2214 qui
845 2151 921 2213 vulgo
932 2151 968 2200 sic
987 2152 1135 2214 loquantur,
1145 2165 1239 2200 conce·

131 2233 218 2278 rasura
226 2229 374 2290 impetrasse,
382 2228 423 2291 at]
431 2228 600 2277 Hunclocum
610 2215 670 2278 olitn
708 2227 784 2287 dent,
794 2228 876 2276 adda'to
886 2231 946 2292 qaod
958 2228 1026 2278 idam
1039 2243 1106 2284 essa,
1117 2227 1185 2292 qnod
1199 2229 1238 2277 illi

133 2306 244 2369 qnidam
259 2306 385 2354 asterisco
394 2304 604 2370 notarunt,quod
615 2320 671 2355 ter·
709 2304 800 2354 dicunt
811 2305 884 2354 ‘dato
896 2305 982 2370 quod‚’
992 2308 1032 2355 sel
1043 2307 1143 2369 ‘posito
1152 2306 1241 2372 quod,'

133 2380 169 2431 ba
182 2381 276 2430 deesse
291 2382 389 2445 aliquot
409 2390 542 2445 pertonant.
575 2381 670 2447 Itaque
708 2389 754 2430 stat
768 2381 853 2431 Latini
872 2381 949 2439 ‘far,'
959 2384 999 2431 rel
1011 2391 1018 2412 ⁴
1030 2381 1099 2446 linge
1116 2384 1153 2432 sic
1165 2381 1240 2440 esaei

133 2457 285 2509 Glareanus
297 2458 434 2507 videndum
442 2466 540 2527 nannet,
550 2458 610 2523 quid
622 2459 671 2510 albi
709 2458 778 2509 Galli
790 2459 997 2523 usurpantjoinrl
1006 2476 1067 2524 qur:
1083 2458 1130 2509 hoc
1140 2458 1172 2508 ad
1185 2475 1240 2510 ver·

134 2535 198 2584 velit
210 2549 261 2605 soa
272 2535 412 2585 Atiatouas.
446 2533 517 2583 Huic
535 2548 583 2598 ago
600 2550 671 2599 qnae·
710 2535 770 2584 ban
782 2536 1064 2602 esset‘addisoqnod.'
1082 2537 1184 2586 Deinde
1196 2538 1239 2600 qni

134 2611 214 2660 atiani
226 2612 381 2672 respondeo,
393 2609 533 2660 Atintanes
546 2612 671 2661 Maccdo-
708 2613 907 2676 impetrassent?
918 2618 960 2680 qui
971 2614 1242 2664 accederentlllama·

133 2688 187 2738 nita
200 2689 386 2751 populasesse
403 2687 459 2736 illos
472 2688 584 2751 quidem,
605 2704 672 2752 praa-
709 2690 780 2746 niue,
791 2704 823 2741 an
834 2691 963 2755 Parthini,
976 2700 1003 2740 et
1017 2691 1165 2748 Dimallum,
1174 2691 1240 2740 Bar·

135 2766 228 2814 sentina
247 2775 355 2813 astatore
372 2766 520 2828 Stephano:
536 2765 673 2816 'Aranaain
710 2767 858 2832 gulamque,
875 2775 903 2817 et
921 2768 1085 2830 Eugenium?
1102 2767 1138 2817 Hi
1157 2774 1241 2828 carte,

134 2844 206 2906 μοῖρα
217 2841 372 2891 Μακεδονίας·
388 2842 412 2891 oi
422 2840 542 2907 οἰκήτορες
550 2842 672 2893 snl'Arn·
710 2843 820 2907 inquiet.
852 2844 991 2903 Sed,aiab
1007 2852 1100 2893 senatu
1118 2845 1240 2904 impetra·

134 2917 216 2982 roras,
234 2918 273 2967 sni
290 2916 440 2967 Ἀτιντάνιοι·
463 2930 558 2984 putare
575 2928 673 2983 tamen,
710 2927 778 2976 rant,
790 2929 819 2970 ut
830 2918 1240 2984 Macedoniaessent,quafronts
1257 2935 1258 2938 ¹

134 2996 202 3046 hanc
214 3010 305 3045 vocem
318 2996 489 3044 adulterinam
507 3010 573 3058 ease,
589 3011 673 3061 neque
709 2997 840 3061 Sulpicius
862 3012 907 3047 eoa
924 2998 1002 3062 jubet
1026 3012 1099 3046 uasea
1111 2998 1240 3046 Romano-

136 3073 199 3122 hnic
211 3073 269 3121 loeo
281 3073 429 3122 convenire.
447 3072 517 3120 Nam
530 3072 551 3121 si
561 3074 674 3136 legatur,
711 3074 785 3123 tutu?
803 3074 863 3136 Ubi,
871 3074 974 3139 qnando
983 3075 1148 3137 impetratum
1157 3075 1167 3122 i
1177 3074 1239 3138 qnid

137 3162 188 3199 nnn
200 3150 307 3212 expleta
319 3150 387 3198 omiti
400 3162 431 3197 ex
451 3157 525 3212 parte
544 3151 674 3201 sententia
711 3150 863 3206 intervenit,
873 3165 920 3200 eut
930 3160 1036 3201 senatus
1048 3150 1142 3200 donum
1155 3158 1239 3199 ratum

139 3228 260 3277 ridetur:
281 3228 313 3276 P.
331 3227 413 3290 Semp.
428 3227 496 3274 cond.
513 3225 580 3290 pacis
597 3228 673 3291 atate,
710 3241 761 3275 non
773 3227 858 3277 esset?
875 3227 926 3277 Sed
940 3242 991 3277 noo
1003 3234 1136 3276 merentur
1151 3226 1187 3274 illi
1201 3240 1241 3276 re·

137 3310 165 3355 ut
175 3304 302 3360 Parthini,
314 3308 339 3353 et
350 3303 428 3363 Dim,
437 3308 462 3352 et
474 3302 563 3365 Barg,
571 3308 596 3352 et
608 3304 673 3365 ling.
709 3303 799 3353 tutari.
816 3306 878 3355 Duo
896 3304 1039 3352 Florentiui
1052 3302 1184 3366 proletarii
1196 3310 1242 3353 ant

138 3381 309 3430 Romasseat.
340 3379 472 3428 Atiutarsns
483 3377 673 3428 miaaisRamam
710 3380 798 3443 capita
825 3381 897 3429 censi
923 3380 1065 3441 adjunctoai,
1084 3380 1195 3440 cujusda
1210 3380 1242 3432 ai.

136 3459 183 3520 leg.
195 3456 225 3507 nl
236 3471 287 3507 sen.
298 3457 446 3518 impetrasse,
457 3460 483 3502 st
495 3453 561 3503 Mac.
577 3457 672 3504 ascede-
708 3456 761 3504 Sed
775 3464 828 3504 tres
839 3455 950 3515 classici,
961 3455 1012 3503 duo
1024 3454 1093 3503 Pali.
1105 3461 1158 3502 tres
1170 3455 1240 3504 Gall.

135 3541 198 3585 rest.
233 3534 268 3582 At
281 3548 352 3594 veto,
367 3532 608 3595 allegorumenam
628 3546 672 3581 ve·
709 3532 847 3582 Barbatia.
864 3532 939 3580 Voss.
948 3545 1046 3595 proque
1054 3530 1169 3578 omnibus
1177 3531 1240 3581 Pnt.

135 3611 671 3673 teribuslibris,sensumeliciesoptinrum
708 3608 969 3659 Atintaniasimiaaia.
1002 3608 1072 3656 Dein
1090 3608 1241 3670 impetrasset

136 3694 164 3738 et
186 3686 427 3752 perfectissimum:
457 3687 489 3735 P.
507 3687 586 3749 Semp.
604 3688 672 3736 aaut.
711 3686 859 3734 Macedoniae
876 3686 975 3734 cederet.
1008 3684 1085 3732 Unda
1103 3683 1188 3732 facilis
1201 3698 1240 3733 te·

132 3767 201 3832 pacis
222 3766 299 3825 dixit,
315 3769 343 3814 ui
359 3763 484 3820 Parthini,
501 3768 524 3812 et
546 3762 627 3822 Dim,
647 3767 672 3812 at
708 3763 824 3811 stitutio:
836 3759 1238 3821 utPnrthisi,stDim.,atBarg.,

135 3845 227 3909 Barg,
248 3847 273 3892 st
295 3842 362 3903 Eue.
382 3840 453 3889 Rom.
473 3844 560 3903 anesi,
579 3841 671 3902 addito,
707 3844 732 3888 et
754 3839 820 3900 Eag.
843 3839 913 3886 Rom.
936 3841 1030 3893 amerit
1052 3834 1191 3891 Atintania,
1217 3837 1240 3884 si

135 3922 198 3983 qaod
210 3916 291 3968 missia
302 3917 403 3965 Romam
420 3918 466 3976 leg.
484 3916 514 3965 alr
531 3931 580 3967 ssa.
597 3917 671 3979 impe·
708 3916 789 3964 missis
804 3915 905 3962 Romam
921 3911 1051 3975 legationi
1065 3916 1148 3960 senata
1164 3913 1239 3976 impe·

135 4001 250 4057 transeat,
265 4000 293 4044 ast
314 3994 381 4043 Mac.
401 3995 549 4043 accederent.
595 3994 671 4042 Dixit
709 3996 808 4053 trassel,
822 3989 951 4040 Macedoni
959 3990 1087 4037 accederet.
1120 3988 1192 4038 Gens
1203 3987 1238 4037 ll·

136 4083 224 4125 satem
242 4073 325 4121 addito
336 4071 407 4132 quod,
422 4084 469 4134 pro
490 4069 600 4134 eoquod
615 4070 669 4134 qui·
707 4069 832 4134 lyricen,
844 4067 917 4130 cnjus
929 4066 1083 4129 nomanjatn
1092 4074 1169 4115 autea
1180 4066 1238 4114 red·

137 4154 196 4202 dam
220 4152 311 4201 dicunt
336 4148 416 4198 ‘dato
444 4146 539 4212 qnod,'
566 4157 594 4197 et
623 4163 670 4211 pro
708 4147 793 4194 dimus
807 4146 1059 4194 Nostroxxv11.30.
1076 4143 1196 4193 Meminit
1210 4151 1238 4194 ct

136 4226 289 4295 ‘quamnim'
301 4225 387 4288 Sigan.
404 4226 467 4275 Vet.
479 4225 521 4274 ed.
532 4226 570 4275 Ao
579 4225 671 4275 intereo
709 4236 774 4273 xcv.
785 4225 825 4272 ³0.
835 4222 863 4270 J.
871 4221 902 4270 F.
916 4221 1022 4269 Gronov.
1055 4220 1150 4269 Pataris
1161 4220 1239 4269 codd.

137 4307 216 4356 missia
237 4304 339 4363 Raptam
357 4305 406 4364 leg.
422 4303 455 4352 ad
474 4308 582 4354 assatam
598 4301 669 4367 impe·
707 4299 837 4364 exceptis,
855 4297 948 4362 reliqui
965 4299 1015 4349 usai
1031 4297 1238 4347 emendationem
