2975 4950
253 379 363 452 10604
600 395 711 447 noun
734 391 941 446 vaasuaou
963 393 1008 444 ru

252 548 351 604 serant,
373 555 449 607 qnam
471 554 580 606 quorum
602 548 693 605 patres
712 554 787 591 num·
824 542 849 589 1.
868 538 1013 589 Olrioalass.
1029 535 1116 588 nebu.
1150 535 1263 588 curalio
1280 533 1352 589 Harl.

253 621 388 686 quarellis
405 620 538 671 sederunt.
573 621 608 670 Et
625 621 672 670 hoe
685 632 787 685 quoque
826 619 939 668 Cossutio
966 617 1076 668 Heurnii
1105 617 1136 667 Ι..
1159 622 1183 667 1.
1218 617 1355 678 conmestip

252 697 367 748 infirmat
404 698 580 762 conjecturum
617 696 788 752 Hotomanui‚
825 692 939 744 Geertu.
960 698 989 743 et
1012 694 1123 744 Hearnii
1147 693 1181 744 N.
1208 692 1355 743 emorientis

253 781 429 840 preterquam
437 775 504 839 qood
515 775 539 824 ei
550 772 724 824 adversentur
732 780 787 822 tarn
825 773 964 824 Flauum.
980 787 1019 838 pr.
1036 774 1101 824 Iane.
1112 777 1138 823 4.
1148 780 1176 823 et
1189 773 1257 822 Hor.
1288 772 1355 822 vids

253 851 356 915 scripti,
366 866 441 915 qoam
451 851 527 907 editi,
536 851 595 901 libri
606 850 682 902 Livii.
699 849 787 914 Piguit
824 850 857 900 sd
869 865 933 902 vlu.
941 856 982 902 aa.
994 853 1008 917 5
1020 856 1047 902 d.
1058 856 1086 901 et
1096 863 1178 901 mx.
1189 854 1230 900 18.
1240 852 1254 915 5
1267 854 1290 898 1.
1314 850 1355 898 Da

252 928 394 978 sententiae
407 927 503 983 obstat,
516 940 575 976 oum
586 925 655 991 quod
668 940 719 976 non
729 932 787 977 erat
823 928 873 978 luae
889 927 953 977 urbe
971 928 1026 992 agit
1047 927 1152 978 clover.
1167 927 1230 976 Ital.
1248 926 1355 975 Antan.

252 1019 332 1054 eausa
342 1005 496 1055 aedilitatem
509 1002 591 1066 plebis
607 1004 644 1052 ita
654 1002 788 1053 muniendi
826 1008 992 1067 1551511.
1024 1004 1090 1053 Tum
1102 1002 1238 1069 Auffegrrss
1249 1001 1355 1052 (laerta.

251 1083 376 1132 adversos
388 1082 532 1147 potentiam
548 1080 683 1143 nobilium,
699 1086 729 1128 nt
740 1080 787 1129 tri·
825 1079 951 1142 Aufugum
963 1080 1034 1130 Flor.
1049 1080 1123 1129 Voss.
1136 1081 1200 1129 Lus.
1214 1082 1277 1128 1.3.
1290 1083 1314 1129 4.
1331 1083 1355 1128 5.

252 1158 383 1210 bunioiem
408 1166 575 1224 potestatem,
598 1166 653 1208 tom
675 1158 787 1208 maxime
825 1158 893 1207 Har.
905 1158 969 1207 Exo.
982 1157 1088 1214 Pithoei,
1098 1163 1125 1206 et
1137 1157 1232 1206 Brauo.
1245 1155 1356 1205 Latinii:

238 1235 326 1305 illud,
343 1235 607 1300 qnodseenndoloeo
625 1235 788 1285 Manutianaa
825 1234 949 1298 Aufugum
971 1235 1035 1284 Lov.
1056 1239 1082 1284 1.
1108 1232 1225 1299 Aufidum
1250 1231 1357 1282 Heurnii

251 1313 348 1376 opponi
359 1313 513 1377 posseditis
530 1313 693 1377 nequeenim
702 1312 788 1362 minor
825 1311 857 1361 L.
870 1316 912 1367 1.,
925 1311 996 1361 Hine
1016 1311 1102 1373 Berge
1121 1311 1163 1359 vel
1183 1310 1268 1371 Berge
1288 1307 1358 1359 Flor.

251 1388 278 1437 iu
298 1389 391 1438 liberos
403 1396 461 1439 erat
479 1396 598 1453 potestas
615 1396 730 1453 patrum,
741 1389 787 1454 qui
823 1387 900 1436 Voss.
911 1386 976 1435 Lov.
987 1387 1112 1451 quinque,
1124 1385 1194 1435 Har.
1207 1385 1320 1435 Hearuii
1330 1384 1359 1433 [ι.

251 1467 317 1515 sella
333 1468 416 1517 curuli
437 1481 490 1516 uon
506 1465 638 1530 sederant,
649 1480 725 1531 quarn
741 1466 786 1532 qni
825 1469 849 1513 1.
870 1465 905 1513 Ν.
923 1463 960 1512 D.
978 1464 1043 1513 Eae.
1066 1462 1174 1526 Pithoei,
1190 1468 1218 1511 et
1237 1461 1358 1511 Braucai.

251 1556 283 1590 ea
301 1543 434 1594 sederant.
468 1542 527 1593 Neo
538 1542 618 1592 eredo
631 1541 786 1606 responderi
826 1541 933 1590 Letiuii.
950 1541 1034 1602 Bergo
1053 1540 1164 1591 Gaertn.
1183 1539 1268 1601 Berge
1285 1538 1361 1589 Harl·

252 1634 338 1683 posse,
351 1619 419 1686 quod
438 1619 492 1670 riro
511 1619 600 1684 docto,
616 1634 675 1670 eum
690 1619 787 1685 quode
825 1618 927 1668 Deinde
945 1617 1093 1667 Herdonium
1111 1618 1223 1668 Gaertn.
1245 1616 1361 1666 Hoiriea·

250 1698 301 1746 hoo
317 1697 374 1747 loco
392 1697 513 1761 agebam,
530 1698 557 1748 iu
573 1705 688 1747 mentem
699 1699 786 1748 renie-
823 1696 872 1744 lam
883 1695 945 1743 Ber.
956 1693 1025 1743 Har.
1037 1694 1170 1744 atBrano.
1183 1693 1292 1742 Latinii.
1309 1692 1361 1741 Ho-

251 1772 307 1834 but,
318 1779 416 1836 patres,
428 1773 470 1837 qui
481 1774 547 1823 sella
557 1773 642 1822 curuli
651 1772 787 1837 sederant,
823 1772 944 1820 oraculum
954 1769 1031 1821 Voss.
1048 1770 1204 1820 Hoerieaium
1219 1771 1288 1820 Lov.
1302 1773 1326 1819 5.
1336 1773 1360 1819 d.

250 1846 369 1910 fortassis
391 1849 500 1900 fectioni
520 1852 675 1915 optimatum
699 1850 786 1900 addio-
827 1849 963 1897 Ocriculum
974 1848 1044 1897 Flor.
1054 1848 1118 1897 Lor.
1128 1854 1152 1896 5.
1163 1856 1190 1896 et
1199 1847 1278 1897 Harl.
1293 1846 1360 1895 Olri·

252 1928 333 1976 tiores
344 1926 518 1988 existimatos,
530 1928 602 1976 etob
615 1927 642 1977 id
654 1928 744 1977 luorum
756 1928 786 1977 li·
822 1926 900 1974 adnm
912 1925 978 1975 Ere.
995 1924 1102 1975 Pithoei.
1121 1922 1246 1973 Horool'm
1264 1924 1326 1972 Lor.
1336 1927 1361 1972 1.

250 2002 328 2053 beros
340 2004 373 2053 ad
385 2004 432 2053 hos
447 2005 615 2068 magistratus
627 2018 678 2053 non
693 2004 786 2054 admis-
824 2002 956 2052 Hoeioolm
976 2001 1075 2053 Lov.·1.
1096 2001 1240 2050 Ooieculum
1252 2000 1361 2050 Hearnii

250 2094 292 2130 sos
304 2079 402 2131 fuisse:
420 2096 479 2131 uam
488 2096 592 2145 semper
603 2081 677 2131 multi
690 2088 743 2131 tam
753 2096 800 2131 ex.
823 2078 855 2127 L·
872 2084 896 2129 1.
921 2078 1046 2129 damulam
1062 2079 1173 2129 Hearnii
1191 2079 1228 2134 D.
1264 2077 1361 2134 Postea

250 2161 301 2215 his,
313 2173 387 2223 quum
407 2171 440 2208 ex
462 2158 626 2208 senatoribus
646 2159 786 2223 populares
823 2155 989 2220 nympheum,
1000 2155 1155 2218 Lympham,
1167 2156 1206 2202 vei
1219 2154 1362 2217 Limplsessr

250 2242 336 2296 eruut,
347 2240 374 2284 et
390 2242 483 2284 eontra
501 2235 576 2285 multi
592 2249 625 2284 ea
639 2235 725 2298 plebe,
742 2234 786 2300 qui
827 2234 896 2284 Flor.
909 2233 974 2282 Lon.
984 2237 1009 2283 4.
1029 2233 1100 2282 Har.
1119 2238 1148 2280 at
1166 2230 1279 2279 Hearnii
1299 2232 1361 2279 1..1.

250 2325 390 2375 numquam
409 2312 442 2361 ad
458 2312 566 2361 tonores
577 2312 679 2361 curules
692 2327 786 2376 perve·
823 2310 946 2376 qulseum
959 2311 1022 2360 Lov.
1033 2315 1058 2359 5.
1070 2308 1182 2358 diuorum
1197 2306 1275 2357 Heri.
1290 2307 1361 2357 Line·

250 2395 354 2445 nerant,
364 2394 463 2438 sectam
473 2387 629 2452 optimatum
640 2389 786 2454 sequeban·
824 2392 875 2456 iam
887 2388 995 2437 Hearnii
1008 2388 1044 2436 D.
1063 2385 1220 2449 Nympliaeum
1237 2386 1304 2434 Ere.
1319 2383 1361 2433 Pi·

251 2473 312 2526 tur;
330 2463 423 2529 qoibus
432 2465 503 2514 nullo
515 2464 621 2529 negotio
633 2464 787 2530 persuaderi
825 2464 896 2516 tlrrei.
913 2464 1027 2528 Siplsenm
1038 2462 1147 2514 Hearnii
1161 2462 1197 2512 N.
1227 2462 1363 2511 Praeterea

250 2542 387 2606 potuisset,
399 2548 429 2591 ut
441 2542 466 2590 in
479 2541 539 2591 filiis
550 2541 662 2591 tribunis
679 2548 707 2591 et
724 2537 786 2591 aedi·
824 2539 998 2604 Argentariam
1010 2541 1075 2590 Lon.
1085 2543 1109 2589 4.
1123 2537 1191 2588 Hav.
1201 2543 1228 2587 et
1238 2537 1362 2587 Braneal.

251 2618 318 2668 libus
336 2618 422 2682 plebis
440 2619 523 2682 putria
535 2625 669 2684 potestate
681 2626 787 2669 nterea·
825 2619 932 2670 Latiuii.
949 2617 1283 2682 TondamDompelioVoss.
1294 2617 1362 2668 Har.

210 2736 212 2739 ,
251 2701 303 2745 tur.
346 2695 421 2750 Dixi,
443 2695 579 2760 curmilri,
601 2710 659 2761 quae
681 2694 714 2745 da
735 2696 787 2745 hae
826 2696 926 2746 [sord.
945 2695 1104 2746 HearniiN.
1124 2697 1188 2745 Ere.
1206 2695 1319 2760 Pithoei,
1335 2700 1362 2745 et

249 2774 309 2838 lege
326 2773 491 2837 seripserunt
511 2773 557 2822 viri
577 2772 786 2838 docti‚nondum
824 2773 886 2824 edd.
902 2773 1091 2823 antenitimam
1103 2772 1220 2822 Gruteri.
1256 2772 1363 2836 Dasspe·

250 2847 786 2913 satisfacianl3necdissimqu‚meplane
824 2851 866 2901 iioe
888 2852 996 2903 Hearuii
1014 2851 1044 2900 L·
1061 2856 1086 2902 1.
1103 2850 1235 2913 Dumperio
1256 2851 1321 2900 Lor.
1340 2851 1363 2898 2.

250 2927 381 2990 ignorare,
402 2940 450 2975 eur
472 2940 505 2974 ea
527 2930 627 2975 tautum
650 2940 668 2974 a·
686 2924 787 2975 duobus
824 2927 1270 2991 napettasser.nsmsepsia1.ov.o.
1288 2927 1362 2976 Dom-

250 3002 447 3066 magistrutibus
458 3001 542 3066 plebio
550 3016 602 3051 uon
614 3015 714 3063 omnes,
723 3015 786 3064 qno·
821 3020 884 3068 perro
896 3001 1238 3066 Gaertn.1mpelioHarl.et
1253 3000 1362 3050 Heuruii

250 3092 306 3127 rum
321 3078 475 3141 pstres‚sed
492 3092 601 3139 quorum
622 3079 786 3141 pulret‘cn·
824 3082 861 3131 D.
884 3082 1017 3145 Clampetia
1041 3081 1113 3131 Flor.
1134 3077 1267 3143 quomodo
1290 3086 1363 3128 recte

251 3155 300 3203 ruli
312 3153 483 3218 magistratn’
499 3152 594 3214 foueri,
604 3155 733 3210 viverent.
747 3167 786 3201 ar·
824 3158 850 3207 in
864 3158 956 3208 ultima
975 3157 1019 3206 ed,
1037 3155 1153 3219 vulgavit
1164 3154 1308 3210 Gruterus,
1323 3168 1363 3204 ⁸0.

249 3231 345 3280 cuerit.
379 3231 508 3281 Quaerunt
519 3230 659 3287 doctiores.
671 3237 699 3280 el
711 3230 787 3279 simul
824 3240 910 3290 cutus,
923 3240 952 3284 ut
963 3234 1076 3297 videtur,
1095 3233 1200 3283 Closer.
1218 3231 1265 3296 qui
1277 3231 1363 3296 paullo

251 3306 359 3357 videant
369 3307 442 3362 «lcii,
452 3321 484 3354 tn
495 3307 538 3356 hle
549 3305 646 3371 aliquid
659 3308 705 3369 sil,
716 3304 786 3370 qnod
824 3322 886 3363 ante
902 3313 941 3362 itu
955 3312 1095 3376 legendum
1109 3318 1244 3360 monuerat
1261 3309 1289 3357 iu
1301 3307 1363 3357 Ital.

250 3383 284 3433 ad
301 3384 360 3449 ‘jus
375 3381 537 3446 postliminii’
550 3382 683 3445 pertinere
696 3382 788 3446 possit.
824 3378 887 3438 Ant.
900 3401 940 3437 ιν.
952 3392 991 3438 15,
1001 3404 1026 3452 p.
1039 3391 1112 3437 1286.
1140 3386 1234 3436 Paullo
1247 3391 1311 3435 ante
1323 3384 1362 3434 Ad

250 3462 319 3512 Dok·
340 3461 468 3511 ‘Samium
486 3460 578 3522 legibus
599 3461 670 3511 Flor·
689 3462 786 3511 nove.
826 3467 854 3515 C.
868 3465 1008 3528 Servilium,
1023 3465 1140 3528 quibui.
1150 3468 1176 3514 5.
1191 3461 1233 3512 Aa
1248 3464 1296 3512 Ga.
1309 3462 1363 3510 Go-

248 3542 273 3588 4.
285 3544 309 3586 5.
328 3538 404 3587 Harl.
423 3543 452 3585 et
470 3537 540 3586 Her.
558 3536 698 3600 sanctitum,
717 3542 786 3585 utra·
821 3542 915 3606 pionem
926 3543 1050 3599 censuum,
1063 3541 1105 3605 qai
1116 3541 1181 3590 Lov.
1193 3544 1218 3589 5.
1324 3560 1327 3567 ·

150 3616 154 3619 ’
249 3629 301 3680 que
320 3616 434 3665 lectione
449 3613 551 3678 juncta,
570 3614 681 3663 Gaertn.
698 3629 724 3663 se
739 3629 787 3663 oon
856 3622 912 3684 511
926 3616 1189 3681 lsagrocwtossesri]
1206 3615 1363 3667 Crotoniensi

243 3693 341 3754 ‘legibue
354 3693 430 3742 Voss.
442 3700 471 3741 et
483 3691 545 3742 Lor.
559 3696 582 3741 1.
600 3693 681 3741 risos
695 3690 787 3754 legibus
824 3693 999 3746 scribendum.
1024 3694 1170 3746 ACrotone
1181 3694 1251 3743 euim
1262 3692 1362 3743 factum

243 3769 313 3820 -Lov,
324 3775 349 3818 2.
384 3768 450 3818 Vide
462 3767 496 3816 ad
511 3782 540 3817 x.
551 3773 575 3816 9.
589 3770 603 3832 5
616 3771 641 3818 3.
823 3779 881 3822 est:
893 3777 923 3821 ut
933 3764 1019 3821 eote'm
1031 3767 1191 3833 ‘Carthago'
1206 3770 1362 3834 ‘Carthagi-

282 3846 347 3908 §lo
371 3843 511 3905 Consentio,
536 3843 666 3908 Uffugam,
688 3842 786 3906 Virga,
823 3845 1005 3905 nieosem‚'aio
1017 3842 1363 3897 ‘Croto'‘Crotouiensem’

221 3946 223 3950 ⁴
253 3920 367 3978 Bffldioe,
379 3920 787 3984 fletricnltmsSprm2Argtn·
824 3925 888 3973 edit.
909 3923 1060 3975 ‘Crotona'
1083 3930 1170 3973 autem
1192 3923 1362 3973 ‘crotonen-

249 4000 341 4059 touom,
361 3994 505 4058 Dampetio]
522 3996 625 4045 Praeter
645 3997 652 4025 ‘
670 3995 787 4045 Couseu·
824 3998 937 4058 sem’ut
949 3995 1364 4051 ‹cremarat‘cremonenssmss

249 4071 327 4121 tiam’
344 4072 412 4120 lraud
433 4073 494 4129 acio,
511 4087 543 4121 an
564 4072 643 4121 ullum
660 4072 787 4122 aliudlso·
824 4077 986 4129 Priscianus.
1014 4077 1101 4140 Sigus.
1144 4077 1188 4127 Ita
1215 4083 1242 4126 et
1272 4078 1361 4141 plores

243 4148 787 4213 ›rumuomiuumapnduliquemurrtlrorem
825 4167 940 4203 meorum
960 4160 1034 4203 recte
1054 4152 1208 4218 preferant.
1241 4151 1312 4203 Vide
1327 4149 1360 4201 ad

252 4230 298 4273 sot
310 4223 425 4287 legerim,
444 4232 489 4274 aut
506 4226 664 4289 repererim:
682 4232 788 4291 oportet
825 4242 930 4279 xxvrrr.
941 4232 1007 4294 26.§
1022 4235 1046 4279 1.

250 4303 360 4354 obseura
382 4302 463 4354 luisse
485 4306 550 4356 loca.
579 4307 650 4355 Glor.
685 4307 742 4357 Pal.
761 4312 785 4357 1.
859 4306 922 4370 §ln
939 4306 1027 4369 Legati
1037 4305 1066 4355 ol
1075 4305 1240 4370 Karthagine,
1250 4313 1361 4356 vocantes

250 4379 420 4449 Hoorieulum.
433 4381 489 4432 Pel.
505 4386 530 4435 5.
552 4383 707 4435 Oclrirulam.
726 4385 784 4437 Pal.
825 4380 852 4436 iu
868 4384 992 4449 Africam]
1011 4385 1077 4436 Pali.
1092 4388 1115 4437 1.
1135 4391 1163 4436 et
1178 4389 1203 4436 ll.
1219 4389 1361 4436 revocarier.
