2975 4950
249 421 360 487 10354
446 427 450 436 ’
605 435 1009 488 uornvuntonnntn
1099 467 1102 472 ι

248 582 341 639 nostri,
360 580 523 632 srrthonn.
544 580 653 631 Hesrhii
671 580 783 631 adsenti·
823 580 964 646 queutlbut
987 595 1125 647 perperam
1149 580 1191 632 hie
1218 581 1358 646 repetitum

249 670 337 708 untur.
371 660 488 708 Priscam
498 658 564 708 enim
576 659 730 722 scripturum
739 657 784 708 At·
823 664 873 721 est,
881 674 959 723 quum
971 660 1042 723 prins
1052 658 1168 709 sollemni
1179 672 1269 708 errore
1281 660 1360 710 libru-

249 737 302 786 biss
320 741 345 786 et
367 736 482 786 Umbriae
499 748 605 785 serrant
622 736 693 785 Fine.
710 736 785 784 Voss.
823 736 918 785 riorum
940 736 972 786 R.
995 737 1025 787 P.
1042 738 1239 800 seureepebiieu,
1252 737 1359 786 abiisset
1434 735 1439 741 ’

251 816 314 864 hou.
335 818 358 864 1.
377 819 402 862 2.
420 818 444 863 8.
462 820 487 863 b.
507 813 581 862 Harl.
599 813 661 863 Ber.
674 812 784 862 Gaertn.
822 812 849 861 in
863 813 892 862 P.
904 812 939 862 R.
950 814 1004 864 sire
1021 816 1121 879 populus
1138 816 1269 864 Romanus.
1294 815 1359 866 lm.

248 891 319 944 Har.
339 897 366 939 et
385 889 491 938 Hearnii
510 889 539 939 L.
556 894 579 939 1.
593 904 624 938 ue
644 889 679 939 Ν.
697 890 785 940 Albius
822 893 847 938 8.
860 890 885 938 in
898 891 1110 940 conteutuhahet
1123 896 1258 941 sacramen
1266 891 1358 952 peritu-

248 972 272 1015 et
288 966 393 1016 Umbrae
409 967 473 1016 Lov.
491 970 517 1017 4.
550 965 638 1016 Albius
656 971 681 1015 ei
696 967 785 1016 Umber
822 978 850 1012 ra
869 965 1011 1028 respublica.
1046 966 1158 1030 iusuper
1179 979 1288 1015 commen
1306 968 1358 1016 Ro·

250 1044 314 1093 Res..
326 1052 352 1093 et
365 1043 474 1093 Hearnii
492 1044 524 1093 l).
821 1054 917 1090 monum
926 1041 1051 1105 imperium
1061 1048 1114 1093 erut
1126 1043 1191 1093 Lot.
1201 1048 1225 1093 2.
1247 1058 1359 1093 rusursm

282 1124 340 1185 §lh
354 1122 688 1171 Amotioretomoeeonm
697 1121 784 1186 meum]
821 1116 946 1181 imperium
967 1123 1021 1167 erut
1042 1120 1130 1169 excusi
1152 1118 1222 1169 Aldo
1245 1121 1358 1186 antiqui·

248 1197 271 1249 Δ
292 1198 387 1248 meliore
405 1202 484 1247 tomen
500 1214 579 1248 mereo
590 1201 665 1249 Voss.
683 1200 748 1249 Lov.
761 1206 784 1250 1.
821 1208 891 1245 ores.

248 1276 437 1328 nullarum
451 1276 518 1326 ttae.
551 1277 617 1325 Mox
634 1276 697 1326 uobis
710 1277 785 1327 uota·
855 1270 985 1335 Ausptcato
1010 1271 1069 1321 Diis
1092 1271 1228 1321 romonum
1250 1273 1360 1337 erudita]

249 1360 289 1403 ten
305 1353 361 1415 mm,
381 1354 476 1402 omissa
495 1354 692 1416 praepositione,
714 1354 784 1403 Flor.
821 1346 891 1398 Pell.
902 1351 925 1400 l.
936 1352 961 1398 2.
977 1357 1004 1398 et
1017 1356 1070 1398 vet.
1085 1348 1129 1399 sd.
1145 1348 1197 1398 nu
1211 1350 1360 1398 ductoribus.

249 1432 475 1482 Vosnstlrenb.
509 1431 785 1495 videade1.11.§u.
821 1424 907 1475 Genu.
942 1426 983 1475 lte
1001 1433 1029 1475 et
1047 1426 1359 1477 Flnr.Voss.Lov.2.l.

247 1508 436 1558 ¹Vehissiuiqtus
452 1523 504 1557 run
522 1509 585 1558 Lon·
600 1513 622 1557 Ι.
634 1512 657 1557 2.
670 1505 744 1557 Harl.
756 1515 785 1559 et
823 1503 886 1552 Ber.
898 1504 1008 1554 Gaertu.
1018 1509 1047 1552 et
1058 1503 1127 1554 Har.
1138 1517 1196 1551 euru
1209 1500 1270 1551 edd.
1283 1495 1359 1551 Rom.

250 1587 319 1635 Hau.
350 1584 499 1635 thoeobis
515 1586 611 1635 desunt
627 1584 653 1634 io
674 1584 784 1634 Hsurnil
822 1580 896 1628 1472.
914 1593 945 1628 ue.
964 1579 1052 1629 Purus.
1086 1578 1221 1629 Interdum
1237 1578 1273 1628 itu
1290 1579 1359 1643 lapsi

251 1660 289 1712 N.
821 1665 884 1705 runt
902 1656 1004 1706 scribae.
1036 1656 1106 1706 Vide
1124 1657 1156 1706 sd
1177 1671 1214 1706 tv.
1234 1659 1277 1706 26.
1299 1657 1314 1721 §
1333 1660 1359 1706 d.

281 1740 295 1803 q
310 1743 338 1788 11
359 1739 398 1789 Ne
408 1738 475 1788 niun
484 1738 583 1801 Jupiter
592 1738 695 1802 optem.
705 1737 787 1787 maxi.
821 1744 883 1782 ιιι.
896 1737 935 1783 lu.
953 1736 1004 1799 §b
1022 1741 1049 1785 et
1062 1733 1193 1784 Bentian
1206 1732 1301 1783 Horat.
1313 1745 1359 1784 nr.

248 1831 300 1866 stus
309 1816 386 1880 maol]
400 1816 557 1866 Germanum
567 1815 633 1864 Liuii
645 1816 783 1864 lectionem
821 1812 846 1867 ³.
857 1815 899 1860 65.

248 1891 785 1956 archetyponspirensecontinet,asisium
852 1888 912 1952 §ta
929 1888 1060 1953 Flaminio,
1079 1888 1165 1939 Puella
1180 1887 1215 1938 Δ.
1235 1878 1360 1952 Graccho]

246 1968 345 2030 Jupiter
363 1967 465 2031 omnum
484 1967 602 2030 maximus
616 1966 694 2024 sumt,
706 1980 783 2032 quam
821 1965 1358 2032 A·nequerationu-nequeconsuetudine

247 2051 277 2094 et
295 2059 341 2093 nos
360 2046 386 2093 in
404 2052 530 2094 contextu
541 2045 712 2101 restituimus,
724 2059 783 2095 euru
821 2043 937 2106 pluribus
947 2043 1062 2116 Liuianis
1073 2044 1267 2108 exemplaribus
1275 2044 1360 2105 serip-

247 2124 282 2173 ob
305 2123 461 2189 singularem
484 2124 651 2188 elegantium,
672 2132 726 2174 tnm
748 2126 784 2174 ob
820 2129 875 2171 tum
889 2122 1359 2188 proAEmpliureperio:namsecnn·

248 2207 413 2251 uetrrstutem.
446 2201 514 2252 Nam
526 2203 548 2250 si
559 2202 692 2266 quippiam
705 2203 731 2251 in
743 2184 784 2253 tir·
819 2197 881 2248 dum
891 2211 986 2249 nomeu
998 2207 1082 2249 tntum
1093 2198 1227 2261 scribitur,
1245 2205 1358 2261 prseter-

248 2287 276 2326 ra
293 2279 407 2327 oratioue
425 2278 556 2341 Scipionis
576 2279 711 2328 verborum
733 2286 783 2337 est.
820 2288 903 2336 eaque
922 2275 1006 2339 pulmo
1022 2274 1211 2339 diphthongum
1231 2273 1358 2325 habente.

246 2355 339 2417 quibua
351 2356 406 2418 ipse
417 2355 497 2404 fuerit
510 2370 580 2418 ersus,
595 2353 712 2405 fortassis
723 2358 781 2408 lraee
819 2351 910 2402 &bell-
944 2352 1043 2402 AEmilie
1054 2366 1104 2402 noh
1121 2360 1162 2402 etl
1179 2352 1205 2401 ln
1219 2351 1301 2400 veleri
1314 2365 1359 2400 ⁰0·

247 2430 363 2480 clausula
379 2440 512 2495 est,quum
532 2432 664 2496 nstrrparit
682 2433 782 2483 alieun·
820 2427 877 2480 dice
887 2445 894 2478 :
905 2444 985 2495 quare
994 2435 1020 2479 et
1031 2444 1076 2480 nos
1087 2430 1275 2494 dispunximus.
1293 2430 1359 2478 Sint·

246 2508 281 2556 ele
299 2507 397 2571 Scipio,
421 2507 510 2556 Livius
531 2523 564 2556 ex
582 2508 716 2558 annalibus
737 2514 782 2558 aul
819 2507 898 2571 plicia
919 2509 1098 2557 nominarunt
1119 2506 1249 2570 Flaminio,
1269 2506 1358 2562 Paulo,

247 2584 336 2649 aliquo
348 2592 450 2632 vetsreto
459 2585 587 2647 scriptore
599 2585 698 2635 retulit.
716 2587 781 2636 Por·
823 2584 939 2634 Graecis.
950 2585 1065 2636 Rhenan.
1100 2586 1199 2634 AEmilio
1210 2585 1257 2641 rel,
1270 2593 1298 2633 ut
1310 2600 1358 2635 an·

246 2677 277 2710 ro
289 2661 387 2710 dietum
399 2661 510 2711 estiatur
526 2676 572 2724 pro
584 2662 659 2727 hired,
671 2669 700 2712 et
712 2664 782 2714 aierit
822 2670 847 2709 te
868 2661 1025 2711 Sabellisnm
1042 2663 1185 2725 legebatur,
1198 2663 1230 2710 A.
1247 2662 1272 2710 in
1285 2663 1358 2711 nullo

246 2739 390 2802 prosiseril
408 2753 423 2786 u
439 2737 533 2787 ‘sino’
567 2741 677 2789 Crassus
689 2741 783 2806 aliquis
820 2751 934 2787 meorum
958 2738 1029 2789 vidi:
1051 2739 1113 2802 qnid
1136 2746 1225 2788 tamen
1242 2739 1265 2786 si
1285 2739 1356 2787 inse·

246 2815 272 2863 id
302 2826 353 2863 non
382 2815 530 2878 intelligens
547 2817 628 2867 uertit
656 2817 680 2865 in
708 2819 782 2868 sinat.
820 2813 904 2863 rende
921 2818 1083 2864 occasionem
1105 2816 1217 2876 dederit,
1236 2816 1358 2865 intellexi

245 2892 365 2941 Rhenan.
398 2892 462 2941 Put.
480 2907 510 2942 ue
527 2893 590 2941 istuc
607 2894 705 2955 Jupiter
721 2896 783 2958 opii·
820 2904 853 2939 ex
866 2890 959 2941 vitiosa
972 2891 1035 2941 lanu.
1048 2897 1071 2940 b.
1085 2892 1217 2955 scriptura
1228 2890 1357 2953 Fluminis,

245 2984 298 3018 mus
308 2969 428 3019 monimus
437 2969 503 3025 sirii,
514 2976 542 3018 ut
554 2969 652 3019 editum
665 2971 696 3019 ad
712 2986 730 3020 t·
742 2974 783 3020 22.
820 2969 853 3019 Ρ.
865 2968 919 3018 aulo
930 2970 1016 3019 Greeo.
1040 2970 1136 3019 Omnia
1144 2978 1228 3019 atrteru
1238 2971 1287 3018 tria
1298 2971 1357 3019 luae

244 3047 273 3093 J.
290 3045 319 3097 F.
332 3046 411 3094 Goon.
445 3045 516 3095 Sinai
529 3055 634 3095 servant
647 3048 746 3097 Lout.
757 3052 782 3097 2.
821 3047 946 3096 voeabula
965 3046 1059 3097 desunt
1077 3049 1103 3096 iu
1122 3049 1274 3098 Flenvoss.
1293 3049 1357 3103 hou.

242 3121 341 3171 Μὴν.
355 3121 553 3173 Heinfleertn.
565 3130 593 3171 et
603 3120 713 3173 Hearnii
726 3124 781 3173 Ox·
822 3128 845 3173 1.
855 3128 879 3173 2.
890 3127 914 3173 8.
926 3124 996 3173 Hau.
1007 3132 1033 3174 et
1047 3125 1154 3174 Hearnii
1169 3125 1199 3173 t.
1212 3126 1236 3174 l·
1247 3140 1278 3174 ae
1293 3126 1327 3175 N.

245 3212 309 3248 uun.
327 3198 406 3262 idque
426 3199 564 3249 voluerunt
577 3199 651 3250 Voss.
669 3208 698 3249 et
718 3202 781 3252 ιον.
854 3200 893 3249 M.
912 3201 1036 3263 Marcelle,
1052 3202 1081 3250 Τ.
1099 3201 1214 3257 Quinctio
1234 3200 1358 3264 Crispino,

154 3310 157 3314 ι
246 3277 365 3341 l.l.qui
376 3276 453 3340 finiat
472 3274 626 3338 praeferunt.
659 3278 782 3328 Proxime
821 3277 964 3343 cuum]
984 3277 1126 3329 leiuioio
1138 3277 1285 3341 legendum.
1321 3279 1358 3330 Et

242 3362 334 3400 ’reram
356 3352 511 3415 scriptarum
534 3352 593 3402 sinit
614 3354 684 3403 Plor.
705 3355 780 3405 Cant.
820 3354 943 3419 iutelligit
963 3355 996 3406 de
1014 3355 1063 3404 Cn·
1084 3355 1176 3405 Fuluio
1197 3356 1356 3419 Centimalo,

245 3427 439 3479 HerbetHuv.
472 3429 619 3479 Putoenim
632 3432 780 3483 reeleGrn·
817 3433 864 3496 qui
888 3446 955 3482 anuo
973 3439 1066 3481 octavo
1084 3432 1161 3497 hujus
1181 3432 1243 3482 belii
1265 3420 1355 3485 consul

243 3518 304 3553 nos.
322 3505 474 3555 emendasse
491 3507 557 3563 uitii,
569 3508 699 3573 quomodo
714 3523 780 3572 prae·
818 3507 880 3566 sair,
897 3517 925 3559 ut
943 3508 976 3559 ud
993 3510 1071 3560 finem
1088 3510 1133 3559 lib·
1149 3523 1216 3561 xxv.
1233 3512 1356 3574 babetur,

244 3579 334 3631 lerrtnt
357 3584 424 3633 Eue.
452 3583 561 3644 Pithoni,
587 3584 716 3634 Saleiuiur
746 3586 779 3635 ad
818 3584 915 3636 deiude
937 3601 999 3637 sero
1017 3589 1155 3650 proconsul
1174 3579 1304 3639 occiditur
1321 3590 1356 3639 ab

243 3659 386 3718 marginem
398 3658 463 3707 Livii
473 3660 596 3722 conjecit,
608 3669 634 3709 et
648 3670 710 3710 ante
721 3673 779 3710 enin
818 3663 967 3712 Hannibale
979 3663 1011 3712 au
1029 3663 1202 3727 Herdonium,
1218 3676 1246 3714 ut
1260 3667 1293 3715 ab
1306 3667 1354 3716 iui-

242 3750 276 3784 so
288 3735 371 3785 Goon.
382 3736 519 3800 legendum
533 3739 631 3787 monuit
644 3738 780 3788 Gebhard.
816 3741 856 3788 tiu
869 3739 927 3789 libri
940 3731 1036 3790 'xxvia
1048 3747 1181 3789 narratum
1194 3748 1243 3790 est.
1277 3742 1355 3792 Vire-

243 3815 276 3863 ad
300 3815 356 3864 Lis.
376 3829 396 3864 ι.
415 3820 457 3864 32.
477 3817 490 3879 b
508 3820 533 3865 7.
553 3816 598 3866 nbi
618 3817 693 3880 plura
710 3816 779 3865 vide.
817 3815 947 3867 ruralium
964 3817 1042 3864 etiem
1061 3815 1240 3865 Cn.Fulelum
1251 3818 1353 3873 Hanni·

241 3892 425 3942 Praetereunt
440 3893 506 3943 istud
524 3901 630 3943 servunt
642 3895 703 3944 laos.
714 3900 739 3943 5.
751 3901 779 3944 et
817 3892 912 3950 habnt
932 3906 1000 3944 xxv.
1025 3897 1066 3942 20.
1077 3902 1139 3942 aute
1156 3895 1269 3945 dietum:
1287 3902 1315 3945 at
1332 3899 1354 3946 ia

240 3965 306 4017 Ber.
326 3982 369 4017 nse
384 3968 449 4019 iatud
468 3969 542 4019 Voss.
560 3978 587 4020 et
604 3972 669 4021 Lov.
687 3976 712 4021 2.
737 3986 780 4021 nee
817 3968 947 4033 effingeret
968 3970 1078 4026 cladem,
1102 3985 1152 4020 non
1175 3972 1238 4020 irem
1264 3975 1354 4035 populi

241 4044 302 4093 illud
322 4046 386 4094 nov.
407 4051 432 4096 2.
450 4044 479 4096 rie
499 4047 525 4096 id
546 4047 655 4097 Hearnii
675 4050 712 4099 N.
736 4064 779 4099 ure
813 4047 952 4112 judicium,
964 4055 992 4103 ut
1004 4044 1186 4097 lihxxunub
1198 4047 1281 4098 initio.
1299 4051 1353 4099 Ve-

240 4122 352 4183 dupiter,
372 4122 456 4170 media
469 4138 532 4172 voce
552 4125 777 4181 omissu,(luertu.
815 4132 873 4174 rrum
890 4125 981 4187 Scipio
1000 4123 1041 4172 hie
1064 4123 1097 4171 de
1116 4124 1209 4173 occisis
1227 4126 1353 4190 loquitur.

241 4196 296 4247 Sed
320 4197 414 4262 reliqui
436 4208 508 4248 reste
528 4215 558 4249 ns
579 4202 649 4250 istun
685 4201 778 4251 Paullo
813 4200 933 4249 Glareou.
968 4199 1352 4268 Vet.lih.T.Grispiuo.·quod

240 4280 306 4323 unte
316 4287 405 4322 mecum
415 4276 592 4338 exspiraturum
603 4277 727 4340 imperitum
735 4286 778 4342 po'·
817 4278 909 4341 probo,
931 4283 960 4324 ut
976 4282 1005 4325 et
1021 4275 1065 4326 hie
1082 4275 1183 4326 duobus
1204 4280 1352 4330 nousiuibus

240 4351 293 4415 peti
311 4348 415 4401 Romani
431 4351 540 4402 Heurnii
558 4354 594 4405 N.
609 4353 723 4422 quodea
736 4370 776 4407 se·
814 4353 1049 4418 emolamentum.
1077 4352 1352 4423 Publfomittitprae·
