2975 4950
251 343 360 412 10568
599 361 710 418 uara
733 357 940 412 vtatoaua
967 361 1009 413 ιη

252 509 280 552 et
292 500 352 554 edd.
371 509 433 554 aute
452 499 596 568 sigonium.
629 502 786 558 credulitati
824 503 1219 571 mammaemammal.
1233 505 1280 558 Sia
1288 506 1360 558 eaira

253 580 321 629 euim
341 579 466 630 lectorum
483 593 511 630 ae
528 581 623 644 iupotte
644 582 786 632 inlusurum
823 580 1357 648 legendumdocetarchetypouSuiteaae,

254 653 393 718 Dottjatius
414 655 527 719 parturit,
545 671 623 723 qaam
641 658 704 722 ipsis
727 672 787 722 uer·
823 671 874 706 aon
885 659 1138 710 aeeoeramAElreuao.
1165 660 1223 709 Pal.
1235 664 1258 710 1.
1266 666 1309 710 aad
1321 662 1359 716 ita

253 731 364 781 suadere
384 740 533 791 conaretur,
556 734 693 784 lectionem
716 734 786 785 iilam
819 736 937 798 palsaad
954 751 1041 785 maror.
1075 736 1140 789 Quoe
1160 737 1289 801 praecedit
1303 748 1357 786 sta·

250 815 341 866 'aarum
354 823 409 859 esse
427 824 459 860 ex
471 810 652 862 emendatione
661 810 787 862 Rhenaai.
822 812 871 860 tim
891 812 1015 876 clausula,
1035 811 1173 863 temerarie
1193 828 1209 861 a
1229 811 1358 862 Ritenauo

254 884 409 946 Xlaserrte
426 888 503 937 millia
525 887 595 937 Har.
629 886 689 938 XV.
709 888 787 938 taillia
822 886 885 936 ltine
904 888 1079 939 exterminata
1098 895 1148 939 est.
1167 889 1245 938 Geilt.
1279 888 1357 940 Haae
1453 891 1455 900 ’

247 962 327 1022 serore
338 964 430 1029 reliqui
440 964 500 1022 otei,
512 970 540 1015 et
550 964 737 1014 Hearniihl·
823 962 973 1024 clausulam,
1001 964 1027 1014 iu
1052 964 1171 1016 omuibus
1193 965 1259 1016 Mss.
1286 966 1356 1016 Gall.

286 1042 299 1104 §
320 1043 350 1091 la
370 1042 402 1089 Et
412 1041 454 1106 qui
464 1040 495 1090 ai
509 1041 664 1103 Karthagine
675 1043 787 1106 corruat,
823 1039 932 1091 Pallet
949 1041 1050 1092 Italicis
1065 1043 1241 1106 conspicuam,
1259 1042 1358 1108 impru-

252 1122 276 1168 et
282 1119 388 1182 predere
399 1118 449 1182 ipse
455 1117 615 1183 prosperitates]
633 1118 702 1169 Gall.
713 1120 786 1183 etqui
823 1117 917 1168 denter
928 1116 1026 1170 deiecti
1038 1120 1077 1169 sui
1089 1118 1187 1169 codicis
1199 1120 1358 1171 auctoritate

252 1201 278 1246 et
294 1195 324 1245 ad
342 1196 492 1259 Carthagine
510 1196 624 1261 comui,
643 1201 666 1246 et
681 1198 787 1261 meiere
824 1195 1054 1246 deletereaauar.
1088 1197 1357 1249 Qooeeoaaectantar

252 1272 312 1336 ipse.
327 1272 354 1325 l.
365 1272 394 1324 1².
405 1272 489 1323 Grau.
521 1273 644 1323 Proxime
657 1273 787 1324 accedunt
822 1272 946 1334 hisee‚ita
958 1273 1277 1337 coacturuuarutauues
1287 1272 1359 1326 Gall.

254 1349 325 1402 Flor.
336 1351 412 1400 Cant.
424 1357 450 1400 rt
464 1349 533 1401 Har.
544 1356 569 1400 et
579 1350 635 1414 arria
647 1355 671 1400 et
681 1350 711 1399 ab
725 1352 786 1401 Car·
824 1355 877 1398 tres
896 1349 965 1401 Flor.
976 1349 1117 1402 Barberitr.
1128 1351 1205 1401 Voss.
1216 1364 1284 1400 trans
1301 1352 1359 1401 Pal.

252 1425 543 1492 tiagisepraefereutes·
576 1428 693 1477 Pessime
705 1427 787 1492 igitar
822 1432 865 1478 aut
879 1428 916 1477 ita
930 1430 1145 1492 palroeatitaaroa.
1177 1429 1230 1480 Cur
1249 1443 1359 1494 sperae·

253 1512 281 1556 et
292 1515 383 1556 eontra
400 1504 477 1555 fiderat
492 1507 578 1556 detaut
591 1506 645 1569 egit
658 1506 786 1565 Clericus,
824 1504 929 1554 retatus?
961 1504 1057 1555 Statim
1069 1519 1157 1558 omues
1169 1504 1240 1555 Gall.
1248 1505 1358 1569 praeiere

253 1580 309 1646 qai,
325 1581 437 1632 lectione
454 1581 512 1644 hae,
529 1595 605 1646 qaam
625 1581 741 1632 Gronov.
759 1583 786 1633 itt
822 1594 933 1630 aarum
947 1586 1050 1644 possem
1066 1579 1094 1632 J.
1110 1581 1236 1632 F.Grotr‚
1271 1582 1357 1632 Patra

252 1664 405 1710 contextum
428 1664 577 1721 receperat,
599 1657 696 1720 ejecta,
717 1659 786 1722 prio·
822 1655 902 1705 etiam
922 1655 975 1706 duo
994 1656 1147 1708 Hearuiaui.
1191 1658 1252 1708 Nou
1275 1657 1359 1708 debet

252 1750 317 1800 reto,
329 1736 411 1786 larcio
429 1750 460 1786 ae
480 1735 542 1784 nituit
560 1735 661 1785 taoaito
678 1736 786 1793 lectore,
822 1733 928 1797 quidem
940 1733 1028 1797 sperati
1039 1747 1178 1784 cousensus
1191 1737 1357 1798 praestantis·

253 1813 398 1864 revocarit.
433 1810 534 1864 Deinde
550 1811 656 1875 meiere
671 1812 786 1876 ipercata-
822 1811 943 1859 tiatoraaa
955 1809 1021 1859 atta.
1038 1809 1358 1862 Quietameauooralde

250 1895 355 1952 raedam
362 1888 492 1949 caminam
498 1888 705 1953 ruarrrtrlts'porsit
717 1890 785 1939 Flor.
822 1887 946 1936 usitatum
958 1893 999 1937 est
1015 1886 1124 1937 ‘navent
1137 1888 1236 1951 pellere
1254 1888 1288 1937 ad
1300 1903 1356 1956 tatu·

253 1965 330 2015 Voss.
352 1972 380 2015 et
402 1966 512 2016 Gaerto.
537 1964 641 2030 praedare
660 1965 711 2029 ipse
731 1982 786 2016 corr·
823 1961 900 2024 runt‚'
929 1962 1062 2027 ‘terram‚'
1086 1963 1182 2022 ‘litua’
1204 1965 1284 2015 etiar'u
1314 1981 1357 2016 ru·

250 2047 355 2104 amatam
374 2041 542 2102 circumfultam
561 2057 627 2092 orare
644 2043 698 2096 urii
711 2045 788 2107 pouit
823 2039 919 2103 spirari
929 2040 1086 2106 iicel,qaurrt
1097 2040 1206 2104 primaru
1215 2041 1295 2092 scribi
1305 2057 1356 2092 cte·
1396 2054 1398 2059 ·

252 2118 352 2184 Lori.
372 2125 399 2169 et
414 2123 439 2169 3.
465 2126 614 2183 conspectura
631 2121 710 2170 etiam
723 2122 787 2172 Lov.
824 2117 906 2179 uisset
928 2118 965 2166 ita
983 2118 1087 2181 appulae
1105 2117 1137 2166 aa
1155 2132 1242 2177 tauros,
1258 2116 1355 2168 deiude

252 2199 276 2245 l.
288 2199 313 2246 4.
325 2203 349 2246 d.
367 2203 393 2246 et
410 2195 470 2247 edd.
487 2196 692 2261 antiquissimae:
709 2198 787 2261 paruit
824 2191 887 2241 ditas
899 2193 997 2256 priores
1017 2193 1104 2243 literar
1117 2193 1187 2243 aoeis
1198 2195 1306 2258 appulsae
1318 2194 1356 2246 ia·

252 2274 331 2323 etiarn
342 2274 406 2324 Lar.
419 2278 443 2323 l.
456 2278 480 2324 5.
822 2270 968 2334 tercidisse‚
986 2270 1055 2335 quod
1073 2269 1157 2333 prims
1177 2269 1269 2320 eadem
1288 2277 1357 2328 erat,

284 2350 353 2401 Car.
365 2364 392 2400 x.
410 2353 450 2415 §l
472 2350 569 2400 Uticam
583 2351 730 2413 Carthagine
742 2367 785 2416 pe·
823 2361 880 2411 quae
893 2347 982 2396 ultima
993 2346 1178 2411 praecedentis,
1194 2354 1221 2397 et
1240 2348 1357 2399 secanda

251 2427 315 2491 teas]
332 2425 398 2478 Pali.
419 2433 482 2489 trau,
500 2433 531 2478 et·
542 2434 594 2478 aet.
606 2428 648 2478 ed,
664 2428 786 2481 Uticam
823 2423 926 2482 eadem,
946 2439 1004 2492 qttae
1028 2423 1107 2474 tertis
1125 2423 1267 2490 sequeutia.
1285 2427 1356 2477 Dulr.

252 2503 307 2568 (vel
328 2503 371 2568 ul)
392 2504 548 2567 carthagine.
572 2504 658 2556 Goba.
692 2506 735 2555 lta
757 2514 786 2558 et
823 2499 921 2557 Verba,
941 2499 1242 2565 perperamaRiteaatro
1260 2502 1358 2567 ejecta,

251 2582 321 2632 Flor.
341 2583 416 2631 Voss.
441 2583 504 2631 Lur.
528 2585 551 2631 l.
569 2586 594 2632 2.
613 2586 640 2633 4.
662 2590 687 2633 6.
708 2584 786 2634 Harl,
822 2577 1056 2633 iuourtribusmeis,
1065 2584 1234 2643 preterquam
1243 2579 1269 2627 ia
1280 2579 1356 2630 Harl.

252 2658 363 2709 (laerta.
382 2660 450 2711 Har.
465 2666 493 2710 et
510 2659 572 2710 edd.
592 2668 653 2711 aitte
671 2663 784 2713 Froben.
822 2663 976 2705 constanter
995 2662 1154 2718 supersunt;
1178 2657 1296 2705 nonnulli
1318 2664 1357 2707 ta·

252 2741 327 2789 15³5.
657 2783 660 2787 ,
822 2746 881 2782 arten
893 2746 979 2781 eoram
990 2745 1037 2796 per
1045 2746 1158 2782 errorem
1168 2732 1259 2797 legum
1267 2733 1294 2782 ira
1302 2749 1356 2783 orte·

285 2816 299 2879 t
316 2818 332 2865 2
349 2816 390 2866 Ne
405 2831 484 2880 naara,
503 2816 530 2866 in
542 2821 631 2867 emam
642 2818 674 2866 aa
683 2817 784 2867 amidio.
821 2810 914 2859 ruriam
924 2824 999 2859 mum.
1033 2808 1134 2858 Deinde
1145 2813 1187 2859 atet
1199 2809 1238 2860 ita-
1247 2811 1355 2876 appulsae

250 2905 303 2940 netu
315 2891 400 2955 tersa]
417 2893 510 2942 Placet
523 2900 597 2941 retus
609 2891 687 2942 lectio
698 2892 723 2941 iu
736 2897 785 2943 ter-
821 2889 853 2939 ati
872 2902 951 2940 mttros
968 2886 1096 2937 edebatur
1110 2893 1172 2937 atate
1192 2887 1356 2953 Rhenanam,

250 2982 303 3017 ram
313 2974 337 3018 er
348 2968 397 3017 aba.
413 2983 496 3019 serae.
514 2969 632 3019 ereuun.
665 2968 706 3019 Aa
722 2969 784 3019 alai·
821 2964 1020 3015 concinentibus
1032 2964 1096 3015 Lor.
1106 2968 1131 3013 3.
1139 2964 1239 3017 d.Bet.
1247 2971 1275 3015 et
1285 2963 1355 3018 Har.

250 3045 343 3095 dionem
355 3047 430 3097 Vara,
448 3045 784 3099 Loa.1.s,4.5.(}uertn,
821 3041 886 3106 Ejus
910 3042 967 3094 loeo
991 3042 1128 3091 Rhenanus
1155 3041 1291 3111 substituit
1312 3048 1356 3093 atat

250 3129 278 3170 et
289 3122 358 3171 Har.
382 3128 406 3172 et
417 3124 448 3172 ad
458 3123 603 3175 obsidionem
612 3124 674 3172 Ber.
685 3131 712 3174 et
722 3124 784 3173 edd.
820 3118 857 3168 ita
877 3121 981 3183 appulsae
998 3119 1080 3182 mura,
1095 3117 1163 3185 quod
1181 3126 1271 3169 serrat
1289 3133 1357 3170 unua

250 3197 429 3250 auteAlduu.
463 3200 557 3249 Paullo
571 3207 631 3249 uate
641 3196 784 3263 praestaria·
823 3196 935 3246 Gaertu.
962 3198 1247 3263 aatapptrlsoeadmttros
1258 3197 1357 3251 Iam·

250 3274 350 3324 rariter
362 3275 424 3324 Lar.
435 3279 461 3325 a.
488 3276 668 3339 aaaamiatam
684 3284 720 3327 est
736 3279 785 3328 iter
821 3278 864 3323 aar
883 3273 919 3323 ita
935 3275 1013 3338 pulsa
1023 3276 1055 3323 aa
1073 3274 1356 3337 meridianarum.

250 3349 361 3401 (laerta.
375 3352 532 3415 monarciula
540 3357 627 3402 tessera
636 3355 699 3403 Rea.
718 3355 783 3404 Mox
821 3356 863 3400 atat
875 3350 911 3400 ita
920 3351 994 3414 pulsa
1005 3352 1037 3400 ad
1051 3364 1130 3400 tauros
1140 3365 1155 3399 a
1166 3364 1200 3398 tn.
1212 3362 1267 3399 aee.
1286 3347 1354 3415 quoti

250 3427 331 3477 mooli
340 3428 422 3492 praelio
437 3429 534 3478 raiaime
543 3430 595 3494 apli
608 3431 670 3482 Lor.
686 3437 709 3487 1.
722 3436 748 3485 3,
758 3438 782 3483 5.
821 3428 953 3484 Hearnius
969 3429 1047 3482 etiam
1064 3427 1089 3493 iu
1103 3427 1138 3476 N.
1150 3440 1181 3475 ae
1195 3425 1229 3481 li.
1247 3425 1357 3480 iuuenis.

251 3503 402 3555 (luetluet
414 3503 484 3557 Har.
822 3502 877 3553 Sed
888 3511 959 3553 recte
981 3502 1117 3553 Dukeram
1136 3502 1265 3552 indicasse
1282 3510 1356 3575 auto,

282 3582 296 3645 ς
309 3585 323 3630 il
342 3582 376 3630 Et
387 3586 430 3631 atri
440 3583 466 3631 ia
477 3584 640 3636 onerariarum
650 3599 719 3635 arsam
729 3599 783 3635 rer·
821 3597 877 3647 quae
890 3596 983 3632 caussa
993 3580 1113 3631 librarios
1124 3580 1149 3629 in
1162 3579 1353 3647 hanoerrorern

250 3657 295 3720 sce]
312 3657 379 3707 Hae
397 3659 512 3710 clausula
529 3670 631 3710 ooaest
653 3662 678 3710 in
695 3675 783 3711 exem·
821 3659 975 3723 conjecerit.
1009 3657 1076 3707 Vide
1089 3656 1122 3705 ad
1132 3657 1149 3705 1.
1162 3669 1207 3706 xa.
1219 3658 1355 3720 mihis.

251 3734 315 3799 plari
335 3735 435 3799 scripto
445 3754 454 3797 3
476 3738 522 3787 red
545 3746 644 3788 tantum
663 3745 783 3791 tarmertla
820 3736 905 3788 Quum
920 3743 1005 3784 tamen
1016 3735 1132 3799 pulsaati
1143 3735 1363 3803 rrrttrirseripttrm¹

249 3811 416 3876 tauriiuasque
427 3819 556 3878 portarier,
569 3821 593 3865 et
603 3821 643 3867 aut
653 3817 688 3865 ita
699 3817 782 3879 adpal-
820 3811 853 3860 rit
866 3811 890 3860 in
904 3812 973 3860 Flor.
986 3825 1000 3859 a
1012 3825 1045 3862 ru.
1056 3810 1354 3874 praetereuntium

249 3903 282 3937 sae
294 3890 376 3938 muris.
411 3890 486 3943 Unde
499 3892 613 3954 conjicio
627 3893 782 3955 particulam
820 3886 1355 3952 illudarutilrarioeddttumesse,mom

250 3968 273 4011 et
285 3965 424 4026 repetitam
443 3982 459 4016 a
472 3968 577 4018 librario
597 3983 643 4032 per
655 3982 787 4032 errarem„
820 3965 931 4025 videret,
942 3979 970 4015 se
983 3962 1140 4014 literasillas
1153 3962 1177 4012 ia
1196 3960 1271 4013 initio
1283 3965 1352 4014 vocis

201 4060 203 4063 ·
250 4049 357 4103 propter
378 4041 480 4093 finalem
496 4045 620 4109 syllabam
638 4059 662 4095 ea
681 4059 781 4108 praece·
820 4039 934 4105 praeced.
952 4039 1078 4095 omisisse,
1092 4044 1119 4088 et
1136 4038 1195 4088 hiae
1215 4053 1272 4088 cunt
1286 4040 1352 4089 Rite·

250 4113 399 4179 deutent,et
411 4120 450 4168 sie
457 4123 591 4186 scripsisse
601 4121 719 4170 Litium:
732 4128 782 4170 tar·
820 4132 885 4167 nano
897 4115 1035 4181 legendum
1050 4128 1115 4183 'esse
1134 4118 1175 4164 aut
1194 4115 1230 4164 ita
1247 4116 1351 4179 adpulsa

249 4200 328 4242 areana
345 4195 508 4262 machinasque
528 4202 663 4262 portantes,
683 4203 725 4246 aut
746 4199 783 4249 ita
818 4194 902 4244 muris.
938 4194 1006 4243 Natu
1020 4191 1141 4241 simililer
1155 4188 1262 4241 ‘classis
1282 4192 1352 4263 litori

249 4269 353 4332 appulsae
363 4272 485 4339 murisrur
494 4288 538 4337 pra
554 4288 643 4339 aggere
660 4290 688 4324 ae
700 4274 780 4341 prati
820 4271 930 4340 adpulsa
943 4271 950 4292 ¹
962 4277 1002 4321 est
1012 4268 1080 4337 apud
1091 4268 1149 4322 Lis.
1160 4280 1230 4322 ω..
1241 4271 1283 4319 26.
1298 4268 1348 4323 Ati·
