2975 4950
235 402 338 461 10332
615 416 718 460 norm
747 416 945 460 vnnronurs
977 417 1016 459 rn

268 561 335 614 Car.
349 577 435 614 xxm.
471 556 512 630 §l
535 560 788 629 Atquelloectomen
826 578 875 631 pro
887 563 1042 629 injecerunt,
1064 570 1093 614 ut
1113 569 1172 615 tota
1193 564 1387 618 sententiaco-

230 637 346 693 lornnm
355 641 496 707 iratorum]
510 637 568 691 Pal.
579 642 602 691 l.
614 636 790 708 Atquelsabi·
826 637 947 692 herem?
959 637 1084 691 Rhenum
1121 640 1276 707 Injecernnt
1287 657 1386 696 omnes

230 724 288 770 tam
306 715 429 769 lostmm.
460 714 517 768 Pal.
536 720 563 769 3.
583 733 642 769 cnm
662 714 787 769 ltostr'om.
828 714 908 769 codd.
920 723 1036 768 tuentur.

234 792 322 847 Gebh.
863 786 1388 864 §tAurumJurpentarnqreeunmlore-

267 869 616 936 Dimiwntimjuredelli
627 870 656 922 in
667 876 789 922 armatos
827 885 886 922 rum
895 869 1207 940 oliamms'nterfrslqene]
1226 870 1284 924 Pal.
1301 875 1324 924 l.
1338 887 1389 923 ort·

232 946 626 1015 repnqrrorrtesqrseedolrorrtur]
647 945 788 1015 PutReg.
827 954 1172 1013 mmnryent.,eumrerum
1179 947 1389 1011 olioruminter·

234 1023 308 1078 Mem
316 1023 461 1076 Vossrir‘m.
467 1025 667 1092 peccantisque
675 1023 789 1076 edeban-
818 1023 922 1093 fluoris,
938 1025 992 1090 inq.
1004 1021 1077 1076 liant
1089 1041 1136 1076 oo.
1155 1040 1254 1091 rapere
1270 1041 1306 1076 er
1326 1026 1389 1091 r'yne

232 1100 352 1164 tur,†vel
378 1109 596 1169 pummntesqrse:
615 1108 713 1154 cartem
728 1116 791 1153 nus·
827 1099 937 1152 vellem
956 1115 1017 1169 quar
1034 1099 1154 1153 exactius
1172 1117 1258 1152 rerum
1276 1100 1390 1154 circum·

231 1194 320 1249 quem.
358 1176 563 1248 Unapurticula
581 1195 632 1247 que
653 1177 680 1231 in
692 1193 789 1231 caussa
827 1176 931 1230 stantiis
961 1174 1133 1247 respondent,
1163 1193 1242 1246 quarn
1267 1176 1388 1246 vulgata

231 1253 288 1317 luit,
309 1261 417 1321 cur,tot
433 1255 516 1309 verba
538 1254 696 1310 inlulcirent.
736 1253 789 1306 Mi·
833 1252 918 1307 Gelli.
944 1254 1106 1323 Irrterfluens
1124 1253 1290 1330 etiam-Flor.
1306 1253 1388 1307 Cant.

230 1331 284 1385 tius
304 1331 546 1403 potentemque
562 1332 720 1387 ltoetomen
728 1331 789 1386 lsos·
829 1328 907 1383 Voss.
923 1334 949 1383 l.
966 1334 992 1383 2.
1006 1336 1033 1383 5.
1049 1329 1125 1383 Harl.
1140 1329 1222 1382 Heln.
1236 1323 1390 1384 Gae'rt'ffi'e't

231 1410 298 1461 tium
318 1410 352 1460 r'r.
370 1425 404 1461 ac
423 1416 479 1462 tum
491 1411 607 1464 monime
619 1411 683 1462 dim.
690 1427 788 1478 peyna
831 1406 903 1461 Har.
913 1406 1064 1460 Ncnvideu
1071 1406 1389 1469 tamen,eurGebhardus

231 1486 434 1554 visqueedelrot.
447 1485 722 1555 Namilludjurlrellir
731 1503 786 1539 non
827 1483 856 1536 id
875 1500 962 1537 rerum
980 1483 1183 1537 circumstantiis
1207 1484 1329 1538 exactius
1347 1503 1391 1538 re·

232 1562 316 1631 magis
335 1561 379 1616 hic
393 1563 426 1617 ab
446 1562 524 1616 Livio
545 1563 693 1634 profectum
714 1573 788 1635 puto,
826 1561 958 1633 spondere
966 1561 1074 1632 putarit
1113 1561 1203 1623 Certe,
1215 1562 1238 1614 si
1251 1579 1345 1615 aurum
1357 1570 1388 1616 et

231 1656 312 1709 quam
324 1639 443 1711 superins
457 1657 538 1694 xxvr.
550 1646 594 1695 31.
606 1642 635 1696 J.
649 1642 683 1695 F.
702 1643 787 1696 Gron
827 1646 966 1708 argentum
978 1637 1148 1692 vehementia
1159 1638 1228 1707 ignis
1241 1639 1299 1705 jam
1311 1638 1390 1709 liqui-

233 1714 301 1776 Quoe
313 1715 341 1769 in
353 1717 407 1769 suis
426 1715 521 1771 deesse
542 1718 645 1772 notavit
666 1717 785 1772 Gronov.
827 1715 890 1769 dum
911 1715 997 1778 fuerit,
1010 1715 1056 1768 rix
1075 1732 1111 1768 ex
1129 1715 1191 1784 igne
1212 1715 1270 1786 rapi
1290 1715 1389 1787 potuit,

231 1792 356 1847 exsulant
367 1793 474 1848 etiema
488 1794 556 1847 Flor.
565 1802 593 1848 et
608 1794 674 1848 Lon.
690 1799 713 1848 l.
723 1797 787 1848 dim.
827 1801 969 1863 autequam
982 1794 1090 1846 flamma
1104 1790 1258 1845 resedisset.

226 1874 431 1939 pugnantesque
440 1871 653 1941 edebantlegunt
662 1872 788 1925 Lor.2.5.
851 1869 1156 1938 Correptioliiflommo
1163 1873 1233 1937 sunt]
1243 1868 1390 1939 Exemplar
1477 1882 1479 1885 ·

235 1943 305 1999 Har.
319 1954 346 2000 et
361 1946 473 2001 Henrnii
488 1948 523 2001 N.
542 1966 574 2002 ec
593 1948 624 2001 L.
640 1952 662 2001 l.
683 1948 788 2001 Grono-
827 1946 953 2017 Spirensc
966 1954 1069 2000 tantum
1087 1944 1170 1998 habet
1186 1948 1306 2013 correpti
1326 1945 1388 2017 (ubi

232 2022 290 2076 vius
302 2040 342 2094 pr.
356 2023 398 2077 ed.
409 2032 475 2078 nott.
488 2025 597 2094 legebat
608 2027 672 2078 dim.
682 2028 710 2078 in
717 2043 789 2093 pnq·
826 2023 983 2077 subauditur
992 2024 1101 2076 verbum
1110 2022 1185 2092 sunt)
1205 2023 1257 2075 olii
1269 2023 1388 2075 ambusti

231 2102 488 2165 nontesedelrontur,
497 2102 549 2156 vel.
557 2104 621 2155 dim.
631 2104 790 2170 inpugnan-
827 2101 935 2171 adflatu
945 2101 1064 2167 uaporis.
1080 2098 1202 2152 Rhenan.
1214 2099 1272 2152 Pal.
1284 2104 1307 2151 l.
1318 2116 1388 2152 mar-

229 2185 321 2247 terque
330 2178 484 2241 edebantur,
489 2179 633 2242 hocsensu,
641 2179 790 2233 edebantur
826 2200 862 2252 go
874 2184 1113 2252 correptiflamma
1121 2191 1190 2244 sunt,
1203 2183 1255 2235 alii
1263 2184 1359 2235 adusti
1367 2201 1387 2234 a

232 2255 266 2309 ab
276 2253 461 2310 dimicantibus
468 2264 497 2310 et
506 2256 534 2309 in
545 2264 703 2326 pugnantes.
719 2254 790 2309 Con·
819 2261 898 2331 statu
907 2262 1026 2329 vaporis.
1041 2259 1098 2314 Pal.
1109 2263 1134 2312 2.
1148 2260 1199 2312 alii
1207 2260 1338 2317 commisti
1350 2261 1392 2312 ad

232 2340 274 2384 tra
287 2329 445 2395 Crevierius,
464 2340 577 2386 testatus
590 2333 672 2387 verba
691 2331 789 2386 eadem
820 2338 924 2408 flatum
944 2339 1064 2406 vaporis.
1084 2336 1172 2390 Gebh.
1211 2336 1314 2390 Omnes
1333 2335 1388 2389 mei

231 2408 260 2461 in
272 2408 345 2462 nullo
358 2409 408 2463 sibi
421 2409 480 2463 cod.
491 2410 647 2473 obcurrisse,
655 2417 790 2473 attamen,
829 2413 964 2485 vulgatum
977 2415 1098 2485 probant,
1120 2414 1172 2466 nisi
1185 2412 1258 2485 quod
1268 2415 1391 2483 correpti

232 2487 296 2557 quin
307 2486 376 2540 Livii
389 2486 482 2551 forent,
492 2505 546 2540 non
556 2485 701 2550 dubitabat,
709 2505 791 2558 quum
821 2493 940 2561 flamma
953 2492 1004 2545 olii
1019 2501 1083 2545 sunt
1102 2492 1176 2561 legat
1198 2492 1259 2545 Ber.
1280 2499 1309 2544 et
1325 2508 1389 2543 mox

232 2572 261 2617 et
284 2572 414 2634 augerent
434 2565 603 2627 sententium,
634 2580 685 2618 nec
714 2563 791 2635 quid·
828 2569 958 2623 combusti
977 2571 1085 2639 adflatu
1108 2569 1186 2623 Voss.
1206 2568 1234 2621 in
1254 2568 1389 2637 margine:

232 2657 311 2711 quum
329 2641 499 2713 peregrinum
512 2650 558 2696 aut
569 2643 669 2713 pingue
687 2640 791 2696 sedule·-
830 2647 947 2699 enthusti
958 2666 977 2700 o
987 2648 1065 2716 flatu
1079 2645 1190 2700 Gaertn.

232 2725 299 2771 rent
861 2724 951 2786 Quam
960 2731 1082 2791 receptus
1089 2725 1198 2791 primia,
1210 2729 1340 2791 urguente
1350 2723 1391 2775 in-

267 2790 313 2866 §2
332 2796 623 2867 lirrbomfeminomtm
632 2813 791 2866 puerorum-
828 2801 903 2867 penti
911 2800 1000 2861 tnrbo,
1009 2817 1061 2853 non
1070 2804 1146 2869 erret]
1162 2799 1221 2852 Nos
1230 2799 1390 2852 inseruimus

232 2890 283 2942 que
296 2873 417 2928 inbellem
436 2876 621 2944 inermemque]
662 2874 791 2928 Vetustns
830 2875 898 2930 duas
907 2876 1046 2939 dictiones,
1059 2894 1118 2947 quae
1128 2877 1247 2938 deerant,
1259 2876 1294 2929 ab
1305 2883 1389 2943 terem

231 2949 299 3004 liber
322 2949 403 3005 habet
424 2951 560 3013 imbellem,
579 2953 712 3014 inermem,
730 2950 789 3006 sine
836 2954 1389 3023 Qunmreceptmprimismrpenteobterpo

232 3026 363 3098 particula
370 3044 429 3097 que.
448 3026 534 3082 Rhen.
543 3028 603 3081 Vet.
611 3027 656 3083 lib.
662 3029 791 3083 imbellem
829 3034 931 3099 ingenti
939 3032 1173 3093 tarbamonesset.
1186 3031 1308 3086 Rhenan.
1321 3030 1388 3084 Pall.

232 3105 417 3172 inermemque.
429 3103 519 3174 Sigon.
540 3105 686 3176 Comparet
693 3105 720 3159 in
731 3105 789 3160 Pal.
832 3112 854 3161 l.
868 3125 900 3164 ae
909 3112 934 3161 3.
949 3117 1059 3177 urgente
1071 3109 1151 3162 turbu
1163 3126 1216 3162 non
1225 3117 1302 3162 esset.
1336 3107 1389 3160 Ex·

233 3179 397 3242 &inbellem
411 3182 543 3235 inermem.
582 3182 705 3254 Amplius
718 3182 789 3236 idem
828 3185 911 3256 punxi
929 3185 1019 3255 itaque
1038 3185 1202 3255 exvulgatu,
1221 3203 1281 3256 quoe
1299 3186 1339 3238 ita
1357 3201 1386 3238 se

234 3255 291 3309 Pel.
304 3260 330 3310 8.
344 3265 370 3310 et
382 3258 410 3310 in
421 3274 572 3312 merentum
589 3275 655 3327 rogo
664 3261 790 3313 semiani-
828 3260 918 3324 habet,
930 3271 1040 3330 arcente
1052 3263 1087 3315 ob
1097 3270 1172 3330 terqo
1184 3264 1287 3330 ingenti
1298 3262 1388 3324 saroa,

228 3334 685 3424 -mopleroqspeinciderentooporm
700 3336 789 3426 Geblr.
828 3338 882 3393 duo
901 3339 954 3393 ista
970 3338 1103 3393 vocabula
1120 3339 1155 3392 ab
1175 3348 1267 3422 tergo.-
1286 3339 1388 3462 quippe

232 3409 360 3464 Intellem
386 3429 562 3482 inermemque
593 3430 686 3468 omnes
726 3431 787 3467 mer.
830 3418 859 3464 et
872 3410 966 3464 Pur.
985 3418 1013 3463 et
1026 3418 1078 3463 vet
1091 3409 1134 3463 ed.
1148 3409 1212 3463 mrhr
1225 3409 1333 3480 adstrpu
1345 3427 1389 3463 an·

234 3485 340 3541 Deinde
354 3488 523 3543 incenderent
540 3505 655 3558 corporo
681 3489 749 3544 Lot.
762 3495 788 3544 2.
828 3494 878 3549 tur,
891 3487 1033 3540 offerentes
1045 3496 1155 3555 urgente
1179 3489 1282 3555 ingenti
1299 3487 1387 3540 turba.

233 3564 380 3618 inciderent
390 3580 506 3634 corporo
521 3564 632 3620 Hearnii
646 3566 681 3619 D.
829 3569 917 3624 Gebh.
937 3570 1017 3637 [Vide
1037 3570 1124 3625 Lectt.
1140 3570 1211 3640 Van]
1251 3570 1315 3625 Non
1334 3587 1389 3624 mo-

270 3640 423 3694 Flcmmom
440 3643 788 3714 orientemrestinyrrerent]
828 3647 863 3701 do
891 3664 973 3701 voces
997 3648 1032 3701 ab
1056 3656 1132 3716 terqo
1150 3648 1274 3717 ignorant
1292 3665 1388 3701 omnes
1480 3653 1481 3660 ’

232 3715 290 3771 Pal.
306 3719 329 3770 l.
342 3735 434 3788 margo
446 3720 566 3773 continet
578 3723 788 3789 exstinguerent:
828 3725 919 3787 nostri,
931 3733 960 3778 et
982 3724 1088 3779 Oxcnn.
1105 3724 1225 3786 Hearnii,
1244 3742 1338 3778 verum
1350 3726 1389 3778 in·
1479 3727 1480 3772 ἶ

231 3793 289 3864 ipse
307 3802 396 3848 textus
415 3813 478 3850 vero
503 3799 702 3865 restringerent,
720 3799 794 3853 sicut
827 3817 907 3871 super
918 3819 972 3856 nox
993 3804 1095 3870 inperiti
1112 3801 1262 3871 neglegitur
1274 3802 1302 3854 in
1316 3802 1388 3855 Flor.
1479 3799 1480 3844 ἶ

231 3869 302 3923 idem
314 3871 423 3927 inferius
441 3890 499 3943 cap.
513 3878 556 3927 42.
575 3873 650 3929 ‘lam
664 3875 737 3929 velut
753 3875 789 3930 ad
829 3878 905 3932 Voss.
915 3878 982 3932 Lot.
995 3883 1016 3930 l.
1028 3884 1055 3932 2.
1067 3885 1093 3933 3.
1106 3886 1132 3933 5.
1148 3879 1223 3932 Harl.
1236 3879 1299 3933 Ber.
1312 3879 1387 3934 Han.

231 3962 370 4003 commune
400 3950 611 4021 restringendum
638 3950 790 4007 incendium
827 3962 855 4008 et
870 3954 982 4008 Hearnii
993 3956 1024 4009 L.
1040 3960 1063 4009 l.
1076 3963 1104 4009 et
1115 3956 1150 4009 N.

231 4027 415 4079 occurrerent?
433 4027 570 4082 Gebhard.
584 4030 791 4099 Reeitt'ncerent
861 4025 875 4101 ὖ
889 4032 1004 4086 5Ferro
1014 4034 1121 4102 ignique
1131 4034 1254 4087 absumta
1266 4038 1316 4103 est]
1329 4034 1386 4088 Pal.

232 4099 343 4154 Gaertn.
362 4105 560 4173 annumerent
579 4106 640 4161 Ber.
680 4107 788 4178 Reliqui
827 4113 946 4179 Lmargo
955 4108 1037 4163 habet
1036 4110 1169 4180 ferroque
1177 4113 1298 4179 antiqui.
1311 4110 1386 4181 Lege

231 4175 296 4230 nilril
310 4185 420 4232 mutant.
815 4187 949 4257 ferroque
957 4188 1062 4255 etiqni:
1070 4186 1104 4241 ad
1112 4204 1191 4258 quam
1201 4187 1296 4241 alludit
1305 4189 1387 4259 scrip

272 4254 574 4314 Grsmormismedioee
588 4262 708 4316 incendio
721 4262 787 4331 inje·
823 4271 883 4317 tura
894 4263 975 4317 etiam
988 4272 1137 4318 contextus.
1162 4263 1248 4318 Geblt.
1287 4264 1332 4317 De
1351 4284 1385 4319 ea

230 4335 330 4401 cenent]
349 4332 436 4404 ,Quiri
449 4334 470 4388 si
483 4337 541 4406 quis
554 4335 626 4406 legat
639 4340 786 4407 iry't'cerent,
822 4341 1014 4412 compositione
1028 4341 1156 4395 orationis
1169 4341 1230 4395 vide
1250 4341 1284 4395 nd
1297 4361 1323 4394 x.
1338 4347 1380 4396 30.
