2975 4950
307 409 338 451 n.
369 407 462 452 nrvn
488 407 580 452 uisu.
609 409 681 452 nin.
709 409 840 452 xxvnr.
869 410 949 454 can.
977 397 1029 455 24.
1152 399 1255 459 10333

111 548 157 622 §a
188 551 295 607 Eodem
312 551 432 607 alludunt
455 552 531 607 Vota.
553 553 620 608 Lov.
640 557 663 606 l.
705 554 748 609 hio
766 563 856 607 tamen
875 562 939 608 vett.
961 555 1086 608 librorum
1106 558 1257 628 spernenda

3 664 4 693 2
112 640 138 686 et
150 632 262 686 Gaertn.
269 634 404 703 ferroque
415 634 473 710 gom
486 631 665 703 praeferentes.
703 632 855 685 auctoritaa
887 631 932 686 Sic
945 648 1071 686 xxxvnr.
1087 637 1127 687 10.
1165 634 1256 689 ‘Dum

114 710 213 780 Optimi
234 717 332 764 tamen
352 710 418 763 nihil
440 718 550 764 mutant.
601 708 669 763 Mox
703 707 731 763 in
751 708 804 763 fide
819 708 947 763 Romanae
960 710 1096 764 societatis
1108 713 1256 773 mansisset,

3 782 5 811 ⁵
110 786 313 856 Karthuqiuem
324 786 438 841 deestin
450 786 526 841 Harl.
703 784 784 838 insita
812 787 900 854 gentis
930 786 1119 857 tranquillitate
1150 788 1256 858 quiusa

125 859 165 934 §6
186 866 274 928 Quod
280 867 311 917 iu
319 883 352 917 eu
361 866 426 918 urhe
434 869 510 934 erret]
523 863 669 935 Diapnnxi·
704 861 770 914 eos?
804 861 924 916 Justinua
934 880 959 916 v.
973 868 999 917 θ.
1035 862 1201 935 ‘Quiquum
1217 864 1257 917 in·

3 952 4 957 ’
111 959 165 995 mua
179 942 414 996 ablativnmurbe.
428 941 551 996 Rhenan.
590 941 669 995 Voaa.
704 938 757 991 sita
772 939 848 1007 genti
867 940 992 1011 superbia
1004 940 1145 995 crudeliter
1163 941 1256 1011 inple-

110 1028 136 1072 at
155 1037 254 1073 omnes
275 1019 346 1074 Gall.
367 1020 459 1073 urbem
483 1021 669 1088 Punicumque
704 1016 765 1069 bem
784 1016 950 1071 consuleret?
988 1017 1073 1071 Notat
1086 1018 1255 1087 Bongarsiua,

2 1100 4 1165 j
108 1099 591 1167 presidium‚quodiueuurbeeoaet.
611 1096 670 1149 Etsi
703 1093 731 1146 in
762 1095 917 1164 quibusdam
947 1094 1020 1149 libris
1044 1096 1125 1149 fluisse
1148 1098 1255 1164 quatio.-

2 1176 3 1187 ¹
111 1191 161 1227 non
172 1175 246 1229 male
258 1176 289 1225 rt
299 1176 365 1228 urbe
374 1176 504 1230 cancellat
514 1175 668 1229 Rhenanus.
703 1171 776 1240 quod
797 1189 851 1225 non
875 1179 976 1225 temere
997 1172 1123 1241 rejiciam.
1167 1173 1197 1226 J.
1220 1173 1254 1225 F.

112 1253 183 1306 Μ’.
205 1254 293 1308 Gron.
330 1253 364 1303 'l'l
372 1255 437 1307 urbe
450 1254 530 1307 etiam
543 1259 631 1307 exstat
640 1252 668 1305 in
709 1248 795 1301 Grau.
833 1249 995 1303 Hominibus
1010 1250 1133 1303 restatin
1148 1250 1254 1304 laona.

111 1330 233 1383 omnibus
255 1332 331 1394 meis,
352 1340 381 1385 et
402 1332 507 1385 Oxonn.
546 1329 667 1384 Hearnii.
702 1329 728 1377 4.
740 1331 766 1379 5.
795 1325 856 1379 Ber.
877 1325 943 1380 Rea.
965 1326 1075 1381 Gaertn.
1096 1334 1125 1380 ot
1143 1326 1255 1381 Heamii

112 1405 142 1458 ld
153 1407 237 1476 igitur
249 1407 389 1462 Gronovio
408 1425 462 1461 non
482 1408 559 1462 aliam
575 1409 611 1461 ob
628 1424 669 1460 ra-
704 1402 735 1455 L.
751 1407 774 1456 1.
804 1402 847 1457 Ita
863 1404 1009 1474 saepiaaime
1024 1404 1117 1457 Livius
1130 1403 1253 1474 loquitur.

2 1482 3 1493 ¹
108 1485 208 1537 tionem
231 1485 376 1557 displicuit,
396 1502 475 1556 quam
491 1485 564 1556 quod
587 1483 667 1538 modo
702 1478 789 1550 Supra
805 1498 836 1533 11.
849 1485 893 1533 27.
934 1481 1041 1534 ‘Insita
1055 1481 1180 1551 superbia
1199 1481 1255 1534 ani·

2 1574 3 1639 ζ
109 1563 257 1632 praeoeasit.
298 1564 344 1626 At,
355 1563 460 1617 Livium
471 1564 504 1617 ab
516 1562 666 1632 hujusmodi
702 1558 833 1628 mo.'oap.
846 1562 889 1610 49.
917 1558 983 1611 ‘Ab
995 1558 1076 1611 insita
1087 1557 1180 1611 animis
1190 1556 1255 1610 levi·

2 1682 3 1707 p
109 1640 319 1710 repetitionibus
337 1658 392 1693 non
414 1640 589 1703 abhorruisse,
613 1639 668 1693 dio-
699 1636 774 1687 tata'
794 1651 829 1686 vt.
844 1638 887 1687 18.
921 1634 1005 1689 ‘Neo
1021 1634 1073 1688 hoo
1084 1642 1179 1688 natura
1190 1634 1255 1687 insi-

2 1714 3 1727 ¹
108 1724 162 1768 tum
186 1723 231 1770 est
250 1717 287 1770 ad
308 1722 331 1771 1.
349 1723 375 1771 3.
395 1713 409 1788 §
431 1723 455 1771 9.
489 1717 583 1772 Paullo
604 1726 666 1771 ante
700 1711 909 1765 tumvobiaest!
939 1711 1084 1765 Hoolib.e.
1101 1715 1141 1764 12.
1173 1711 1254 1764 ‘Mos

112 1795 168 1847 Per
178 1812 227 1848 eoo
235 1797 296 1848 dice
308 1794 384 1848 Harl.
700 1788 767 1841 vitio
779 1789 859 1841 etiam
871 1788 966 1842 insitus
974 1789 1065 1858 genti!
1074 1805 1097 1842 o.
1107 1792 1150 1841 21.
1187 1796 1194 1818 ⁶
1209 1788 1255 1840 Ad

2 1908 3 1941 3
132 1867 226 1941 §tEt
235 1873 460 1943 transfretatmeu
468 1872 570 1943 Africa
579 1879 668 1933 eruet
701 1865 837 1935 specimen
856 1865 943 1918 insita
958 1865 1033 1935 genti
1050 1865 1153 1919 virtutis
1165 1872 1255 1918 osten·

2 1994 3 2015 ³
108 1951 296 2019 expromimie]
316 1951 435 2021 Antiqua
451 1949 531 2003 lectio
548 1957 575 2002 et
591 1957 668 2001 aaut
700 1941 833 1996 dandum?
868 1960 926 2013 cap.
939 1948 982 1996 40.
1019 1942 1129 1996 ‘Insitae
1144 1942 1253 2011 ingenio

2 2018 3 2069 Ξ
97 2026 204 2094 fretum
215 2026 325 2096 Africae
336 2045 395 2095 ope,
405 2035 432 2080 et
442 2045 483 2080 en.
516 2026 666 2087 Tnsoribe,
700 2036 761 2073 meo
773 2020 969 2073 cunctationis?
1006 2022 1150 2073 xxxvto.
1190 2019 1253 2072 ‘Ab

2 2118 3 2145 1
105 2105 320 2174 ettruuefretum
328 2105 667 2175 Africoeormeteuproaei·
700 2095 781 2149 insita
812 2097 919 2165 regibus
946 2096 1081 2150 vanitate!
1118 2111 1187 2147 xtu-
1209 2100 1253 2149 39.

2 2208 3 2213 =
104 2183 155 2233 mio
165 2182 315 2249 Hispaniae
324 2182 396 2235 lucie.
418 2181 540 2235 Rhenan.
561 2181 662 2234 Omnes
700 2179 708 2201 ‘
731 2173 804 2226 Cura
837 2174 917 2227 insita
946 2173 1100 2226 mortalibus
1130 2171 1253 2226 videndi!

105 2258 186 2311 iidem
205 2260 274 2329 aliq.
294 2277 357 2312 aue.
374 2268 401 2313 et
419 2268 495 2313 trane
503 2259 611 2329 fretum
632 2274 665 2310 ex
701 2266 770 2303 ml·
787 2255 830 2303 30·
861 2250 1045 2304 ‘Violentiam
1056 2249 1162 2302 insitam
1179 2249 1254 2318 ingo·

1 2328 3 2354 ⁵
104 2335 208 2406 Africa
222 2354 282 2399 ora,
295 2334 543 2408 seonsntqueidem
557 2332 665 2388 Rheno·
699 2327 744 2380 nio
766 2326 971 2398 intemperantia
994 2326 1049 2379 vini
1072 2324 1253 2380 accendebat?

1 2441 2 2458 .
104 2430 162 2466 nus,
181 2414 212 2466 J,
225 2415 259 2467 F,
276 2414 395 2468 Gronov,
426 2413 664 2484 &transfretum
702 2402 881 2456 Nihilominus
890 2412 980 2457 tamen
992 2402 1127 2458 homiuum
1135 2401 1179 2456 hio
1188 2419 1253 2474 quo·

1 2465 2 2541 i
106 2491 215 2562 Afficae
228 2510 284 2546 orae
300 2492 432 2546 Rhenano
444 2491 565 2546 faventes
580 2490 667 2544 Hear-
699 2499 752 2552 que
774 2481 843 2535 Plor-
864 2481 932 2534 Lov·
951 2484 975 2535 l·
994 2485 1020 2534 2
1042 2479 1117 2535 Harl·
1135 2479 1206 2533 Hav·
1225 2489 1254 2533 et

106 2570 142 2621 nii
157 2569 189 2623 L.
204 2573 227 2622 1.
241 2577 271 2623 et
281 2569 316 2622 D.
333 2587 365 2623 ee
374 2570 480 2641 Astaca
492 2586 542 2622 ora
560 2567 626 2622 Lov.
637 2570 663 2620 2.
702 2558 815 2612 Heamii
840 2558 875 2612 D.
900 2575 1012 2630 quorum
1041 2556 1095 2611 fide
1122 2556 1151 2610 id
1178 2564 1256 2610 recte.

108 2645 146 2699 At
156 2646 256 2718 reliqui
273 2664 365 2701 omnes
378 2656 456 2701 tram
463 2647 613 2718 fretumex
625 2645 666 2697 A·
699 2636 822 2706 praeferre
848 2635 1014 2690 Gronovium
1036 2641 1110 2706 puto.
1157 2633 1252 2687 Paullo

97 2724 335 2795 fricuerueqnod
344 2724 504 2795 amplector:
520 2722 666 2791 OruAfit'-
699 2722 762 2767 anta
784 2714 875 2766 adid
889 2714 1009 2782 quaque,
1027 2713 1102 2781 quod
1116 2719 1184 2772 erat,
1203 2728 1252 2782 pro
1349 2719 1351 2724 ’

106 2797 665 2871 ca,nt‘terra1talia,'deqnodixiad
699 2793 776 2859 quod
797 2792 933 2851 audierat,
959 2790 1036 2843 Voss.
1063 2786 1157 2841 LoreL
1184 2791 1208 2839 1.
1226 2791 1251 2840 2.

108 2896 180 2932 xxv.
202 2884 228 2933 7.
246 2874 261 2950 i
280 2884 305 2932 4.
325 2878 451 2932 Similiter
468 2885 475 2909 ‘
490 2877 582 2930 Africa
597 2891 665 2946 prae-
701 2868 821 2923 Hafn.et
835 2866 906 2921 Hau.
919 2867 994 2936 quod
1010 2864 1088 2919 laud
1098 2862 1249 2934 erat-Harl.

1 2962 2 3017 j
107 2956 192 3018 sidia:
202 2956 238 3010 de
247 2973 302 3027 quo
311 2956 373 3009 vide
385 2955 420 3010 ad
433 2972 495 3009 xxi.
507 2958 552 3008 22.
565 2949 579 3024 §
592 2958 618 3006 2.
698 2948 773 3015 quod
779 2954 828 2999 aut
839 2953 914 2999 terra
929 2944 998 2997 Flor.

1 3026 2 3083 l
122 3029 179 3104 'le
195 3033 666 3103 Oumreptemtrirembiaa,quiuque.
733 3018 1252 3093 §Mdpuruitquequuutumeecitatu-

108 3112 178 3163 remi
194 3116 261 3181 unu]
300 3111 361 3164 Vet.
374 3110 418 3164 lib.
440 3119 467 3164 et
482 3110 665 3179 quinqueremi
697 3104 740 3169 ra]
754 3099 811 3153 Pal.
823 3104 850 3152 2.
860 3100 1028 3168 aperuitque.
1050 3095 1138 3150 Gebh.
1170 3094 1253 3166 Saepi-

1 3174 2 3183 ¹
105 3187 273 3258 msigon,
306 3187 575 3256 scribewmoeptgm
585 3187 664 3238 mre.
697 3195 728 3231 ut
750 3177 793 3231 hio
811 3194 884 3230 error
899 3176 927 3228 in
950 3176 1054 3245 scriptia
1072 3172 1251 3229 committitur.

106 3267 200 3328 mibue,
212 3266 399 3338 quinqueremi
409 3282 472 3317 una.
503 3263 665 3333 Namcopu-
699 3254 815 3307 Videad
828 3247 1040 3323 xt1v.28.§10.
1081 3250 1174 3304 Nostri
1186 3250 1251 3303 nihil
1306 3273 1312 3281 ·

107 3342 217 3397 lativam
240 3342 366 3397 abdicent
385 3358 477 3395 omnes
499 3340 597 3411 scripti.
634 3341 663 3393 J.
696 3339 808 3386 mutant.
1201 3331 1207 3342 '

107 3420 140 3473 1³.
159 3421 247 3476 Grou.
276 3418 383 3490 Copula
395 3419 475 3472 etiam
488 3416 564 3472 deest
571 3418 598 3471 in
608 3435 663 3471 om·
733 3410 748 3485 ᾗ
760 3414 777 3462 3
788 3408 882 3461 Palus
894 3408 956 3460 iude
964 3405 1251 3474 Karthayinieuibuu

1 3490 2 3511 ¹
106 3498 184 3553 nibus
208 3497 285 3551 mois.
325 3496 459 3550 Praeterea
481 3513 533 3548 vox
556 3512 611 3548 unu
634 3495 663 3547 in
696 3483 1252 3552 destinaruntanimianilulproapeoouti·

108 3574 218 3629 Gaertn.
258 3574 346 3645 Supra
365 3589 429 3626 vero
447 3588 529 3626 voees
544 3590 604 3625 mm
620 3590 663 3625 eu·
694 3568 782 3634 quat]
798 3563 854 3617 Pal.
871 3561 1096 3631 luepulsistuae
1110 3557 1251 3626 Cartima,

1 3668 2 3711 l
101 3654 206 3720 poditio
215 3650 370 3706 cohortibus
377 3658 403 3704 et
410 3650 512 3703 Loeliue
519 3649 664 3718 neglegun-
696 3643 899 3696 destinaverunt
913 3640 1019 3699 animia,
1039 3635 1111 3689 nihil
1119 3651 1251 3703 prospere

1 3718 2 3757 ³
107 3730 185 3783 turin
195 3728 274 3782 Voss.
285 3728 354 3783 Flor.
365 3727 431 3780 Lov.
443 3730 501 3780 1.2.
510 3731 535 3779 3.
544 3732 569 3780 4.
591 3726 662 3780 Har.
696 3723 853 3787 coutiqerat.
874 3715 941 3769 Pali.
950 3719 976 3767 2.
987 3719 1011 3768 3.
1026 3721 1055 3766 et
1063 3720 1117 3765 vet.
1127 3710 1170 3764 ed.
1182 3709 1254 3763 nitu

107 3816 135 3860 et
146 3806 299 3860 HearniiL.
307 3810 330 3858 1.
343 3822 402 3875 qum
409 3821 548 3875 perperam
559 3804 662 3856 omissae
691 3814 824 3866 prospere
832 3792 1007 3861 cmuuyebut.
1022 3788 1109 3843 Gebh.
1118 3787 1252 3856 Expulaia

1 3902 2 3935 1
107 3892 169 3938 aunt
185 3902 203 3937 a
214 3882 285 3936 male
298 3882 440 3936 festinante
457 3881 563 3934 librario
576 3882 611 3934 ob
623 3898 664 3934 re-
699 3874 777 3927 Voss·
797 3873 864 3926 Lov·
885 3876 907 3924 l·
919 3874 945 3924 8·
970 3866 1045 3921 Harl·
1060 3866 1121 3919 Bar·
1140 3864 1251 3918 Gaerin·

1 3972 2 4011 ἶ
107 3962 268 4032 petitionem
281 3958 385 4013 voeulae
394 3976 461 4013 uum.
494 3958 562 4012 tude
575 3958 663 4012 adrx.
699 3950 813 4005 Hearnii
823 3950 859 4003 N.
868 3956 896 4003 et
905 3946 966 4001 edd.
977 3951 1039 3999 ante
1051 3943 1159 3996 Aldum.
1197 3941 1253 3995 De·

112 4043 152 4091 11,
165 4034 180 4109 l
197 4043 238 4092 11.
697 4029 760 4083 inde
772 4027 843 4081 nitu
848 4041 981 4096 prospere
997 4021 1074 4075 voss.
1094 4019 1161 4074 Lov.
1176 4019 1253 4090 quin·

147 4116 216 4170 Car.
229 4110 360 4185 111le
376 4113 665 4179 Imitukominibueli·
697 4126 759 4178 que,
778 4106 861 4160 Haris
872 4105 933 4158 Ber.
948 4101 1059 4155 Gaertn.
1078 4098 1159 4152 Hafn.
1180 4096 1251 4150 Hav.

108 4194 209 4262 bidiue]
228 4192 291 4246 Pnt.
310 4191 379 4261 Reg.
394 4191 468 4245 Men.
486 4191 563 4243 Voss.
581 4190 665 4243 inuita
700 4185 813 4239 Hearnii
824 4183 856 4236 L.
867 4186 926 4235 l.et
933 4178 994 4234 edd.
1005 4176 1115 4232 eaedem.
1137 4175 1180 4228 lta
1188 4174 1251 4228 alibi

1 4264 2 4267 ¹
109 4269 375 4323 homiuumlibidiue.
414 4269 582 4339 Quamquam
599 4266 665 4320 alte·
698 4264 778 4317 etiam
790 4265 935 4332 peccarunt
945 4255 1053 4318 librarii,
1063 4252 1116 4308 duo
1129 4251 1187 4306 haee
1195 4267 1252 4319 pro

109 4365 167 4399 nnn
187 4347 350 4418 frequentius
378 4346 458 4400 etiam
482 4345 590 4406 Nostro,
611 4361 665 4396 non
698 4360 745 4412 spe
758 4349 785 4393 et
789 4338 907 4408 prorp’e,
920 4335 976 4390 sive
983 4348 1124 4404 prospere,
1137 4343 1253 4383 commu-
