2975 4950
517 901 683 979 LIBER
724 902 926 981 XXVIII.

194 1196 265 1248 Car.
276 1210 299 1247 ι.
331 1198 371 1260 §t
392 1196 454 1247 Cum
471 1195 699 1247 trmsitaldosdra·
738 1198 879 1265 emovunt,
900 1200 968 1266 quod
991 1201 1120 1251 transituri
1138 1200 1274 1265 acciperet

162 1273 232 1332 tute,
249 1277 366 1338 quain
393 1274 421 1323 in
443 1273 519 1322 italio
540 1274 700 1324 declinaverat
740 1280 918 1341 prointeritu.
951 1280 1019 1331 Nam
1031 1279 1275 1344 Christianapistas

162 1350 229 1415 bella]
254 1352 386 1416 boontem
409 1351 453 1402 hie
475 1351 509 1400 de
532 1351 699 1401 Hasdrubale
720 1355 898 1407 ·‘transitum
911 1356 1273 1418 Diuorum'roeat,mortem

162 1429 303 1479 mmm
315 1430 345 1478 F·
357 1429 450 1494 ‘lubi't
461 1428 621 1492 Pfffldtflfi
632 1429 701 1478 libro
740 1436 899 1500 intelligens.
932 1437 1003 1487 Huic
1014 1437 1137 1487 mendoso
1151 1437 1209 1487 loeo
1218 1451 1276 1486 ms·

161 1512 298 1556 narratum
308 1513 360 1570 est,
368 1505 449 1571 Alpes
460 1507 631 1572 transcendit,
639 1521 701 1558 con·
739 1513 797 1564 deri
807 1523 918 1565 conatu,
928 1523 970 1565 ese
980 1515 1073 1565 doctus
1087 1514 1181 1578 aliquis
1192 1514 1219 1563 in
1231 1514 1275 1563 ed.

156 1584 303 1647 juncturus
325 1600 354 1635 se
373 1583 451 1634 fratri
471 1585 624 1635 Hannibali·
657 1586 700 1635 De
741 1591 865 1641 Eucherii
874 1591 1153 1653 contemptissimo·
1162 1595 1276 1653 paratam

160 1659 340 1712 boenimirum
351 1664 462 1712 transitu
473 1662 701 1726 Lirinsintelligit.
742 1667 769 1717 in
782 1668 882 1718 ltaliam
891 1667 1053 1718 &adflaverat
1071 1668 1133 1718 betti.
1146 1668 1276 1717 inenan.

160 1731 277 1803 Atqu'id
289 1737 479 1789 formidolosius
491 1739 584 1790 accidit
603 1739 700 1796 ltaliae.
741 1744 855 1796 Quidum
874 1745 1046 1795 emendarunt
1063 1745 1091 1793 iss
1112 1743 1203 1801 Italicis
1227 1741 1276 1792 ssd

160 1816 223 1891 quid
236 1817 322 1879 magis
333 1817 567 1879 extimescendum,
583 1817 644 1883 quid
656 1832 701 1867 nn·
741 1822 907 1886 quambene,
926 1821 977 1886 ipsi
994 1821 1123 1871 viderint:
1138 1819 1278 1869 isItuiimn
1308 1839 1310 1843 ’

160 1905 239 1955 qnam
254 1893 334 1942 rebus
345 1894 469 1943 Romanis
480 1894 577 1945 certius
592 1893 701 1943 exitium
741 1897 839 1946 malim.
868 1897 940 1947 Glar.
972 1895 1121 1958 Rhenanus,
1146 1895 1277 1945 levissima

160 1966 256 2018 afferre
270 1970 351 2018 visuro
363 1978 414 2034 est,
425 1985 501 2035 quam
517 1985 595 2035 quum
607 1971 634 2021 in
645 1971 700 2021 Ita·
742 1974 818 2022 nnius
837 1973 896 2023 libri
918 1973 1071 2037 conjectura
1092 1977 1187 2034 motus,
1211 1970 1277 2034 legit

160 2043 220 2095 iiam
233 2060 286 2109 per
299 2045 382 2110 Alpes
398 2047 522 2097 transiret
535 2046 700 2097 Hasdrubal?
740 2050 909 2113 inundaverat,
931 2062 980 2114 pro
1000 2049 1169 2109 inclinaverat,
1187 2062 1203 2095 a
1225 2060 1277 2111 qno

159 2120 215 2172 Per
226 2123 305 2186 birjns
322 2123 391 2172 euim
410 2123 551 2173 adrentum
569 2122 620 2172 duo
631 2123 702 2172 bella
741 2126 799 2189 ipss
811 2124 947 2182 dissentio,
957 2139 1008 2174 uon
1019 2126 1101 2174 solnm
1111 2124 1173 2187 qnia
1184 2128 1278 2172 contra

160 2198 269 2249 Punica
277 2197 421 2260 {enimduo
430 2199 549 2263 ingentes
557 2200 701 2264 exereitus,
740 2203 862 2252 librorum
882 2203 995 2252 omniurn
1012 2200 1192 2251 auctoritatem
1204 2197 1280 2263 facit,

161 2273 214 2324 duo
226 2288 314 2340 prope
332 2274 504 2337 Hannibales,
521 2284 548 2324 ut
560 2276 627 2325 Livii
642 2291 700 2326 ver·
742 2279 789 2328 sed
800 2278 880 2328 etiam
891 2279 951 2344 qnia
963 2276 1162 2343 pulcherrimam
1174 2284 1278 2328 senten·

162 2351 202 2403 bis
214 2361 287 2404 utar.
305 2352 442 2405 Quomodo
454 2368 516 2417 ergo
525 2351 701 2402 ‘declinasse’
743 2356 804 2405 tiam
816 2355 956 2420 depravat,
968 2370 1033 2420 qna*
1041 2369 1075 2404 ex
1086 2354 1194 2404 vocibus
1204 2354 1278 2403 dacti-

161 2429 260 2482 ballum
274 2430 299 2480 ia
311 2431 389 2481 ltalia
400 2431 514 2481 transitu
530 2429 701 2481 Hasdrubalis
741 2438 841 2483 moeret
855 2439 884 2483 et
900 2434 985 2483 kootoe
1000 2432 1111 2489 elicitur,
1122 2445 1181 2497 quaa
1194 2437 1278 2480 trans·

162 2509 246 2559 sideri
259 2515 358 2573 potest,
373 2509 443 2575 qnod
465 2517 519 2559 tum
535 2517 576 2559 est
590 2510 702 2560 maxime
742 2510 1057 2573 lationaalaneesnmpta
1067 2509 1193 2558 nituntur.
1210 2507 1279 2557 Nam

162 2588 288 2636 anetum?
305 2587 349 2637 Sin
366 2587 436 2636 enim
447 2587 473 2635 in
485 2587 603 2637 omuibus
614 2602 702 2638 exem·
743 2601 795 2651 qno
806 2586 919 2650 graviori
931 2585 1046 2649 pondera
1056 2587 1116 2635 lanx
1126 2585 1209 2634 altera
1219 2598 1279 2647 pra·

163 2664 285 2728 plaribus
306 2664 420 2727 arensis,
442 2678 498 2727 quaa
518 2664 592 2714 nobis
614 2664 703 2716 videre
743 2663 832 2725 mitur,
848 2678 880 2713 ao
897 2663 978 2725 magis
994 2662 1124 2713 contraria
1141 2661 1223 2710 levari
1241 2660 1280 2710 ri·

163 2740 289 2802 contigit,
306 2741 417 2802 legitur:
437 2740 498 2789 Cam
515 2741 620 2789 trundtu
637 2739 702 2789 Hos·
744 2740 832 2791 detur.
864 2740 1022 2792 Quodidem
1040 2738 1279 2802 daltaliaqnoqne

162 2818 397 2882 drubulispuuntum
414 2818 440 2867 iu
458 2817 703 2867 Italiudeelinuoernt
743 2825 772 2867 et
784 2818 912 2879 Hispania
922 2814 1120 2878 intelligendum
1129 2821 1178 2864 est.
1194 2814 1281 2875 Sigon.

163 2892 229 2958 belli,
240 2897 285 2958 de.
313 2894 424 2956 cupiam
440 2894 482 2943 bie
499 2892 590 2943 audire
603 2892 702 2958 proies·
744 2893 870 2957 Corrupit
881 2895 930 2942 boe
950 2892 1052 2941 initium
1064 2891 1123 2940 iibri
1134 2890 1284 2953 Rhenanus,

164 2984 238 3020 sores
251 2971 320 3020 bone
332 2971 418 3019 locum
429 2976 602 3033 exponentes.
635 2970 702 3019 Mihi
743 2969 837 3020 frivola
848 2971 1000 3034 conjectura
1011 2965 1162 3017 deformans
1174 2967 1281 3031 elegan-

163 3046 229 3095 libet
251 3046 379 3110 cogitare,
399 3047 425 3096 in
443 3046 524 3096 verbo
544 3047 704 3098 declinaverat
746 3049 873 3097 tissimum
892 3044 1057 3096 sententiam.
1091 3042 1141 3093 Ast
1162 3042 1220 3105 ejus
1241 3050 1281 3092 te·

164 3121 256 3185 ingens
269 3137 327 3172 esse
339 3122 469 3172 mendum.
503 3123 595 3173 Habet
612 3131 639 3173 et
660 3137 704 3172 ve·
744 3124 893 3174 maritatam
906 3119 1282 3182 reeteretundebatsigoniua.

166 3205 208 3249 tus
228 3200 349 3249 volumen
367 3200 539 3263 depravatam
554 3201 705 3265 lectionem,
744 3199 804 3251 Pal.
818 3205 841 3249 1.
853 3208 882 3249 et
901 3206 955 3249 ret.
969 3199 1013 3248 ad·
1029 3204 1144 3262 quantum
1162 3197 1189 3245 is
1205 3195 1282 3246 ltalia

5 3271 7 3296 '
106 3270 115 3284 ⁹
165 3291 262 3339 nempe
273 3277 414 3339 mouserot,
425 3276 479 3326 sire
491 3278 625 3333 induruerat.
638 3278 704 3327 adeo
743 3276 977 3327 deelimoerotbeili·
1010 3275 1107 3324 Faba·
1124 3273 1283 3337 quantumin

166 3360 228 3402 sunt
242 3352 477 3415 ambiguaeliterae.
500 3354 705 3419 Egoverosori·
746 3354 822 3403 [tolio
838 3353 995 3402 inclinaverat
1015 3350 1081 3401 belli·
1108 3350 1193 3400 Gebb.
1229 3348 1282 3398 An·

167 3429 283 3478 bendum
306 3430 421 3479 arbitror
442 3430 611 3490 innodaverat,
634 3429 703 3495 quod
747 3431 931 3493 dreas‚‚'l'arv.
952 3430 1073 3489 Venetae,
1088 3426 1203 3476 Bethar.
1219 3423 1282 3474 alu.

166 3505 275 3574 verbum
289 3505 332 3555 bie
348 3506 412 3555 mire
430 3506 551 3571 quadrat.
585 3508 704 3556 Francia·
744 3507 821 3558 Juut.
832 3505 909 3555 Frob.
922 3506 1014 3556 Saret,
1030 3508 1144 3567 quoniam
1162 3503 1189 3550 iu
1206 3501 1284 3550 ltalia

167 3591 214 3631 eus
236 3582 385 3633 Petrareba
407 3591 453 3633 ant
474 3583 627 3634 Victorinus
644 3585 702 3633 Fel·
745 3583 914 3633 declinaverat.
946 3581 1086 3629 Rhenanus
1103 3580 1237 3628 inventum
1255 3579 1284 3626 in

159 3658 264 3708 transis
273 3674 321 3723 pro
333 3660 378 3708 illo
390 3658 514 3709 indurarat
525 3658 642 3709 fortassis
651 3660 704 3725 pri·
744 3659 844 3721 scripto
855 3657 1021 3713 inclinaverat,
1034 3652 1285 3709 velisdorerotnad·

158 3749 238 3800 poam
250 3734 388 3784 substituit
397 3737 566 3786 declinauerat.
579 3737 620 3787 ‹Id
633 3743 704 3800 post·
744 3734 814 3785 didit
830 3734 1003 3783 inundaverat:
1020 3732 1090 3781 unde
1104 3730 1237 3793 Grypbius
1255 3734 1284 3778 et

169 3825 201 3860 ea
209 3811 378 3861 Laurentium
389 3826 492 3877 quoqne
501 3814 614 3875 Vallum,
622 3814 704 3862 virum
746 3810 825 3860 Corio
837 3815 950 3874 quomam
960 3810 987 3858 is
1004 3808 1102 3857 ltaliam
1117 3807 1286 3858 insudaverat.

169 3888 196 3936 in
207 3888 288 3940 literis
297 3903 403 3952 prorsus
411 3887 704 3952 incomparabilem,t‘al·
745 3888 867 3952 Sigonius
879 3894 968 3937 tuetur
976 3886 1148 3935 inclinaverat.-
1159 3882 1229 3949 qnod
1237 3897 1285 3933 no·

169 3966 333 4029 larepotuit.
364 3966 430 4026 Nam
443 3967 527 4029 aiunt,
536 3967 605 4016 bunc
624 3967 650 4016 iu
665 3980 706 4015 re·
747 3963 787 4014 bis
799 3977 901 4029 quoque
913 3964 939 4011 in
949 3961 1104 4011 membranis
1116 3960 1218 4010 obvium
1227 3959 1288 4011 fuit.

170 4040 303 4091 stituando
317 4041 389 4090 Livio
400 4030 509 4091 multum
522 4056 609 4106 operae
619 4056 706 4105 sump·
748 4041 802 4091 Sed
831 4048 945 4089 veterem
968 4038 1012 4089 ed.
1034 4045 1201 4103 propugnant
1223 4038 1287 4089 Pnt.

172 4118 244 4167 sisse.
277 4117 361 4167 Porro
372 4117 437 4167 libet
454 4118 507 4167 bor.
518 4125 634 4167 erratum
646 4132 705 4181 pro·
719 4151 722 4154 Δ
748 4119 814 4180 Reg.
827 4117 900 4165 Meu.
914 4116 973 4166 Pal.
991 4116 1068 4165 Voss.
1084 4115 1126 4165 cui
1142 4129 1195 4164 nun
1209 4115 1287 4165 litera

172 4194 312 4259 psmodnm
329 4194 409 4244 alieni
433 4195 560 4245 monaebo
584 4195 708 4252 tribuere,
749 4199 791 4244 ast
801 4191 931 4249 addenda,
944 4200 973 4243 ut
983 4192 1140 4255 sitquoatum
1150 4191 1176 4240 iu
1186 4191 1287 4241 Italiam

173 4269 218 4335 qui
233 4285 281 4336 pro
296 4270 422 4321 indurarat
438 4271 605 4338 supposuerit
616 4270 657 4321 bio
668 4272 709 4342 de·
748 4271 907 4323 declinauerat
915 4269 970 4342 belli
975 4285 983 4320 :
993 4267 1208 4335 quemadmodum
1216 4267 1286 4332 apud
