2975 4950
329 382 360 423 r.
391 381 482 423 mvn
512 380 605 423 nrsr.
634 380 706 423 nse.
734 381 866 424 xxv111.
895 382 975 427 can.
1005 370 1056 428 25.
1162 374 1264 433 10341

117 532 235 581 notatum
250 524 348 579 video:
367 526 495 595 atfacere
510 524 578 578 Flor.
594 524 671 579 Voss.
714 535 756 580 est
765 526 800 580 ad
811 527 1006 598 Argyraspides
1016 528 1174 585 decurrere?
1192 534 1221 588 J.
1236 536 1270 589 F.

118 602 182 656 Lov.
205 605 229 655 1.
251 607 277 655 3.
297 608 322 655 5.
346 601 407 656 Ber.
422 602 532 656 Gaertn.
554 608 582 655 et
602 600 673 656 Har.
720 604 805 657 Grou.
834 603 920 673 Supra
941 621 990 658 vn.
1009 609 1050 659 14.
1082 607 1202 663 ‘Omnia
1222 610 1272 664 cir·

108 681 183 749 facit
206 677 290 732 Heln.
314 686 342 732 et
354 679 421 732 Lov.
442 684 467 732 4.
475 679 548 749 ficit
568 678 634 732 Lov.
646 683 673 731 2.
714 680 882 751 cumspicere
896 689 976 752 atque
986 683 1087 752 agitare
1098 686 1194 756 coepit’
1207 703 1271 743 xxr.

118 757 217 810 Omnes
239 754 338 810 deinde
360 756 405 809 vel
420 757 606 811 exauctoribus
630 755 673 809 vel
713 762 757 811 34.
775 757 1027 829 ‘Circumspectans
1039 760 1168 815 sollicitus
1181 764 1270 817 omnis

11 892 13 907 ,
117 834 297 889 exactoribus.
335 833 368 887 Id
385 833 491 904 quidem
503 832 675 903 neglegentia
712 834 872 888 incedebat!
912 834 1015 889 Eadem
1038 836 1173 893 locutione
1197 841 1272 894 ‘cir-

11 910 13 947 1
115 920 140 965 et
151 927 244 964 errore
270 911 415 965 scribarum
423 928 458 964 ex
474 912 616 972 exactoris,
626 927 675 980 pro
713 912 889 983 cumspicere'
906 929 938 965 ac
957 914 1197 986 ‘circumspectare
1216 935 1272 971 om·

116 996 265 1050 cxoctores,
275 987 366 1042 datum
379 1004 439 1041 esse
448 987 543 1058 potuit,
552 987 591 1040 ita
602 987 673 1040 enim
713 989 772 1042 nia'
801 989 947 1060 saepissime
975 991 1057 1045 etism
1089 992 1147 1047 Cic.
1177 994 1269 1048 utitur.

115 1082 184 1135 sepe
206 1064 331 1119 librarios
356 1081 484 1135 peccasse
505 1063 619 1117 vidimus
639 1063 674 1117 ad
713 1065 848 1137 Exempla
860 1066 989 1121 habemus
1007 1086 1056 1139 pro
1071 1069 1177 1131 Quinct
1191 1089 1214 1125 c.
1226 1076 1270 1124 31.

116 1159 189 1195 xx11.
207 1144 235 1195 8.
257 1136 311 1212 17.
328 1160 361 1196 eo
382 1150 472 1196 temen
490 1140 600 1194 inclinat
619 1140 674 1194 ani·
715 1143 781 1211 Agr.
805 1161 825 1198 1.
845 1149 871 1198 8.
893 1145 921 1198 in
947 1143 1037 1198 Pisou.
1069 1146 1104 1200 ad
1127 1147 1216 1211 finem,
1243 1161 1272 1201 et

115 1236 179 1281 mus,
203 1228 233 1272 ut
255 1222 355 1283 missis,
370 1225 416 1291 bc.
433 1219 610 1279 exactoribus,
626 1223 672 1289 isc.
713 1219 784 1274 alibi.
835 1222 929 1275 Invitis
952 1229 1043 1276 tamen
1073 1224 1150 1277 codd.
1177 1242 1270 1279 vocem

108 1305 214 1374 fucere,
227 1302 302 1374 quod
314 1303 342 1356 in
356 1303 460 1356 duobus
472 1301 553 1355 etiam
565 1300 620 1354 suis
629 1318 675 1354 ex·
711 1298 826 1351 masilia
841 1298 933 1352 delere
949 1317 1003 1353 non
1018 1298 1113 1362 audeo,
1125 1300 1189 1355 licet
1207 1320 1270 1356 mox

115 1389 183 1434 stare
212 1379 334 1434 Crevier.
361 1387 482 1441 testetur,
506 1377 594 1431 verius
618 1395 675 1431 cre·
712 1383 851 1445 repetatur
867 1376 1019 1430 ‘consiliis'
1051 1376 1084 1430 ld
1101 1378 1172 1431 enim
1187 1378 1268 1432 Livio

115 1456 181 1519 dum,
195 1458 276 1510 utiba
287 1457 374 1511 ominis
392 1456 449 1510 haec
465 1454 591 1526 periodus
609 1472 674 1525 pen·
713 1468 768 1504 non
788 1453 923 1506 insolitum
936 1470 1005 1516 esse,
1022 1453 1136 1508 vidimus
1155 1455 1190 1508 ed
1211 1473 1230 1509 1.
1241 1461 1267 1511 3.

115 1534 175 1588 dest
188 1552 206 1587 a
217 1532 384 1604 praecedenti
388 1533 503 1602 placuit.
542 1531 623 1585 Certe
637 1532 674 1586 al-
712 1523 727 1598 1
742 1532 767 1581 9.

115 1620 197 1665 teram
216 1610 370 1674 lectionem,
382 1618 413 1664 ut
432 1609 550 1663 Gronov.
562 1608 634 1671 iecit,
645 1610 674 1663 in
756 1607 865 1659 Preter
884 1623 965 1660 uuum
978 1610 1138 1663 tutissimum
1154 1627 1173 1662 e
1191 1609 1271 1664 molis

115 1696 272 1743 contextum
295 1688 415 1760 recipere
435 1703 514 1741 susus
536 1703 591 1740 non
607 1703 674 1749 sum,
712 1683 985 1754 consilissreccptum]
1007 1685 1294 1757 Ncnsempsrtutus‘

116 1765 162 1819 sed
172 1766 266 1836 potius
276 1766 391 1836 priorem
403 1764 537 1819 revocavi.
713 1767 756 1813 est
766 1760 817 1813 iste
831 1761 930 1814 emulis
942 1762 1059 1816 consiliis
1067 1771 1199 1834 receptus,
1207 1762 1270 1817 dum

132 1832 145 1907 b
158 1841 191 1890 10
200 1836 334 1890 Edictum
343 1837 454 1890 cubiade
456 1837 638 1905 propositum,
645 1844 676 1888 ut
713 1836 837 1891 adducis
850 1838 1018 1892 clementiam
1031 1838 1188 1908 confugitur.
1210 1840 1271 1894 Nec

115 1916 153 1967 od
161 1916 330 1985 subexdium
338 1915 483 1982 petendum
496 1915 674 1982 couveairmt]
714 1908 784 1962 adeo
805 1909 948 1964 rebellibus
971 1910 1029 1963 istis
1049 1909 1175 1966 militibus
1199 1920 1271 1965 tutus

115 1992 242 2045 Positum
262 1990 331 2045 Flor.
345 1991 422 2045 Voss.
442 1990 535 2044 borel.
549 1990 688 2060 quinque.
715 1985 773 2039 fuit.
806 1986 878 2040 Nam
889 1996 986 2058 postea
1002 1987 1128 2057 sequitur,
1141 1988 1273 2057 deligatos

118 2067 193 2122 Harl.
206 2068 270 2122 Ber.
286 2067 397 2123 Gaertn.
413 2067 520 2121 Hav.et
532 2065 593 2120 edd.
607 2075 673 2122 vett.
715 2062 750 2116 ad
769 2063 869 2135 pulum,
888 2064 1022 2135 virgisque
1040 2081 1132 2128 caesos,
1146 2071 1174 2118 et
1186 2065 1273 2119 securi

117 2145 226 2208 Verum,
238 2163 321 2217 quum
338 2163 387 2216 per
399 2144 586 2216 compendium
599 2146 676 2214 Apo·
713 2157 855 2211 percussos
876 2140 956 2195 fuisse
978 2141 1116 2195 seditionis
1140 2150 1271 2196 auctores.

114 2225 195 2277 situm
220 2223 348 2294 scriptum
376 2223 477 2286 luisset,
501 2221 579 2276 facile
603 2222 675 2293 prior
717 2219 812 2288 Itaque
826 2236 880 2272 non
896 2219 1158 2289 legoproeteruuum
1170 2222 1273 2274 tutissi-

115 2300 192 2354 litera
211 2299 372 2355 intercidere
390 2301 485 2372 potuit.
524 2299 573 2352 Est
585 2308 675 2353 autem
714 2296 1273 2366 mum‚sedpretervulootissimumemo·

115 2378 225 2449 propria
237 2386 266 2432 et
282 2396 362 2448 quam
374 2378 488 2433 maxime
507 2377 588 2431 obvia
603 2377 676 2430 locu·
715 2374 750 2426 lis
759 2374 1035 2443 consiliisreccptum:
1044 2373 1116 2446 quod
1123 2373 1274 2428 autemvul-

116 2455 152 2509 tio
177 2463 350 2527 ‘proponere
372 2455 506 2510 edictum!
537 2454 623 2526 Supra
644 2473 674 2508 11.
714 2451 884 2521 gatissimum
897 2459 947 2514 est,
959 2469 1013 2506 non
1026 2460 1067 2507 est
1078 2459 1222 2523 propterea
1233 2458 1274 2506 tu·

116 2536 158 2587 24.
178 2532 266 2587 ‘Hoc
283 2533 421 2605 proposito
441 2532 539 2595 edicto,
559 2531 676 2603 profiteri
715 2529 853 2583 tissimum.
893 2528 964 2584 Hinc
983 2530 1128 2584 illustratur
1140 2529 1274 2600 elegantia

117 2610 253 2682 extemplo
275 2610 399 2664 nomina’
426 2627 449 2664 c.
462 2614 506 2663 30.
534 2608 676 2662 ‘Edictum
718 2604 841 2660 Liviana.
880 2605 953 2668 Quid
968 2606 1039 2660 enim
1051 2606 1200 2676 elegantius
1220 2606 1274 2661 dici

118 2686 216 2741 deiude
239 2687 403 2742 edictatore
425 2687 590 2757 propositum
614 2703 678 2740 con·
716 2690 816 2753 potest,
838 2701 918 2754 quam
930 2684 1095 2738 committere
1114 2700 1143 2736 se
1164 2682 1272 2736 tandem

118 2764 234 2819 muravit
254 2765 373 2828 animos?
393 2781 474 2817 xxvi.
495 2767 535 2817 12.
554 2754 676 2817 ‘Accc's-
716 2759 760 2813 vel
783 2762 864 2828 justas
889 2762 942 2822 irae,
963 2761 1007 2814 vel
1032 2759 1180 2814 clementiae
1203 2761 1274 2830 prin·

119 2842 152 2894 sit
176 2841 297 2895 edictum
319 2839 484 2912 proconsulis
503 2857 537 2893 ex
558 2848 679 2893 senatus-
717 2838 784 2908 cipis
803 2845 849 2892 aut
867 2838 1044 2907 magistratus,
1063 2836 1273 2906 vulgatissimum

119 2919 241 2972 consulto
261 2918 427 2989 propositum
441 2918 464 2971 :’
491 2927 519 2970 et
535 2917 679 2970 innumeris
717 2932 808 2970 essee
825 2915 901 2969 malis
913 2914 1032 2969 consiliis
1044 2914 1203 2985 receptum?
1240 2913 1273 2970 lu

119 2995 265 3050 uliislocis.
298 2994 433 3048 Praeterea
449 2992 546 3048 vocula
557 3002 589 3048 ut
600 2993 677 3048 deest
718 2992 871 3064 archetypo
903 2992 1021 3064 Spirensi
1050 2991 1147 3060 legitur
1170 2999 1274 3059 preter

121 3073 239 3127 inVoss.
253 3080 282 3126 et
296 3072 400 3126 Loci.
718 3071 979 3123 euimautissiruom.
1018 3068 1087 3122 Mihi
1106 3086 1170 3121 sane
1189 3068 1273 3138 magis

138 3151 193 3204 Seu
199 3151 320 3219 carptim
323 3158 422 3218 portes
430 3149 535 3218 vellent]
543 3148 621 3202 Forte
626 3166 680 3216 per
717 3147 808 3219 placet
817 3147 1039 3215 solsatissimum,
1049 3163 1128 3216 quam
1138 3146 1182 3199 vel
1193 3148 1275 3200 notu-

117 3237 220 3295 portcs.
235 3227 260 3281 J.
277 3227 307 3280 F.
322 3227 406 3281 Gron.
444 3226 512 3280 Haec
524 3228 680 3294 conjectura
717 3221 821 3280 timum,
842 3218 885 3271 vel
902 3220 1081 3279 novissimum,
1094 3235 1154 3288 (1¹¹ae
1167 3216 1220 3269 <1¹10
1235 3225 1275 3270 18·

119 3305 236 3359 firmatur
254 3303 413 3358 auctoritate
434 3303 549 3375 Polybii,
562 3303 607 3375 qui
616 3304 680 3354 κατὰ
718 3313 781 3349 men
792 3295 899 3349 tolerari
916 3302 1033 3366 possent.
1053 3293 1178 3348 Rbenon.
1198 3294 1275 3346 Pre-

122 3382 180 3447 μέρη
191 3381 260 3437 dixit
269 3398 310 3435 xr.
327 3385 367 3435 13.
385 3383 443 3433 ἅντε
456 3382 520 3433 κατὰ
534 3379 594 3445 μέρη
606 3384 680 3431 τοῦτο
719 3382 761 3428 ter
777 3374 989 3441 wlqotissimum
1005 3391 1022 3427 a
1037 3371 1168 3425 Rhenano
1185 3378 1272 3424 ortum

125 3458 262 3517 βούλωνται
279 3458 427 3520 resciudat
444 3461 504 3522 ipsi
514 3456 612 3509 πάντες·
624 3458 681 3514 sive
719 3458 769 3512 est,
782 3451 824 3504 cui
836 3449 893 3504 haec
911 3452 1065 3522 conjectura
1077 3448 1161 3518 magis
1173 3447 1270 3519 placet,

118 3553 169 3604 per
172 3544 272 3604 portes
277 3536 310 3588 id
315 3534 412 3589 vedent
411 3535 519 3607 facere,
526 3535 583 3588 siue
592 3551 680 3588 omues
719 3546 799 3600 quam
807 3527 917 3581 eliorum
930 3527 974 3580 vel
985 3528 1159 3587 notissimum,
1172 3524 1216 3578 uel
1228 3541 1274 3577 no·

124 3614 210 3666 simul.
719 3608 864 3661 vissimum.
897 3603 1122 3674 Vet.ed.proeter
1135 3618 1216 3654 uuum
1234 3608 1275 3655 tu·

139 3685 681 3759 §llTranquillomseditiocmjbmper
719 3685 860 3738 tissimum.
872 3678 1276 3751 Palltrespreterrtontutissi-

123 3785 150 3821 se
163 3768 384 3837 louqucscentem]
406 3766 535 3822 Voculam
542 3766 608 3834 jam
627 3783 681 3820 non
719 3779 790 3815 mum
800 3778 818 3813 o
828 3759 907 3813 malis
920 3758 1039 3812 consiliis
1048 3764 1189 3826 receptum.
1203 3752 1276 3814 Quo·

124 3855 271 3913 agnoscunt
289 3843 360 3898 Flor.
376 3844 455 3900 Cant.
474 3843 553 3896 Voss.
573 3842 640 3895 Lov.
657 3847 680 3896 1.
722 3856 780 3892 rum
800 3836 923 3891 codicum
945 3836 1074 3907 scriptura
1096 3832 1185 3904 potius
1206 3829 1276 3884 inse-

124 3925 148 3973 2.
158 3925 183 3974 3.
193 3927 218 3975 5.
231 3920 308 3975 Harl.
319 3929 347 3975 et
362 3920 433 3975 Har.
469 3919 567 3991 Neque
580 3922 680 3972 morri
720 3915 803 3969 rende
824 3922 865 3968 est
890 3912 1035 3975 contextui,
1056 3927 1137 3982 quam
1155 3906 1275 3962 incertis·

126 3999 194 4051 euim
205 4006 247 4051 est
259 3999 287 4051 in
298 3997 365 4052 Lov.
378 4003 404 4052 3.
720 3992 795 4046 simae
807 3993 995 4060 castigatorum
1008 3988 1181 4059 suspiciones.
1202 3983 1276 4037 Infra

159 4070 220 4143 §13
242 4076 344 4130 Omnia
357 4077 608 4145 circumspectantes
620 4091 681 4127 coo-
720 4074 799 4124 citi.
835 4066 982 4129 ‘Indibilis
999 4065 1109 4133 abjectis
1130 4062 1194 4116 belli
1214 4078 1275 4115 cou-

125 4152 198 4221 sib'o]
219 4151 289 4206 Dele
312 4154 342 4203 τὸ
364 4154 487 4216 consilia,
500 4152 551 4206 etsi
572 4159 682 4205 teneant
721 4147 795 4209 siliis,
818 4145 883 4198 nihil
902 4144 984 4199 tutius
1006 4141 1108 4197 afflictis
1127 4141 1206 4196 rebus
1230 4154 1276 4191 ex-

127 4245 218 4282 omnes
229 4229 297 4283 libri.
311 4230 433 4285 Justinus
448 4248 506 4284 x1v.
519 4234 544 4283 2.
564 4227 682 4283 ‘Omnia
721 4233 798 4296 perta
815 4222 868 4278 fide
881 4231 909 4275 et
928 4219 1070 4274 clementie
1088 4215 1218 4288 Scipionis
1235 4230 1275 4267 ra·

127 4305 207 4375 igitur
219 4306 441 4381 circumspicienti
454 4307 583 4380 oprtimuur
597 4305 681 4362 visum
722 4302 781 4357 tus!
817 4298 901 4353 Gebb.
934 4299 1024 4353 Antea
1036 4296 1164 4351 edebatur
1171 4299 1275 4361 preter
