2975 4950
239 392 349 459 10648
587 406 695 458 rosa
719 407 928 461 raetorum
952 410 994 458 tu
1048 413 1076 422 ··

241 556 364 615 prompto
380 548 501 616 heberet,
517 549 551 601 sd
565 550 642 602 slisto
654 550 773 616 divertit,
809 552 855 603 uris
866 551 985 616 ejusdem
997 550 1029 604 1..
1041 556 1066 602 1.

240 636 269 677 et
287 627 422 678 ‘seeundo
436 627 601 679 dstotnslie’
617 627 693 679 uobis
709 627 774 679 feeit
815 657 820 664 ·
842 629 922 679 Exitu
943 645 1033 693 qusque
1046 629 1119 691 suga
1138 626 1278 691 intercluso]
1288 627 1342 678 *Eds

240 705 342 770 eedem,
363 720 422 771 qne
440 705 609 764 mumistia,
631 705 774 755 incidentis
810 705 933 756 Frsoeof.
944 711 1019 757 1518.
1030 720 1267 770 erroreoperorom
1280 706 1342 767 tegit

240 782 267 831 1ο
277 783 410 832 Ksieodos
422 782 543 844 Mettius,
555 783 662 835 dedere
673 781 774 834 Panitf.
810 781 942 841 interclusi,
960 784 1029 846 quod
1049 784 1143 848 reliqui
1161 782 1276 832 editores
1291 796 1344 830 ser·

240 870 285 910 itt.
297 861 393 911 lt.hoo
401 866 451 921 est,
462 862 487 910 io
496 861 610 925 lepidum
619 860 774 925 impingere,
811 868 916 912 roroot.
957 860 1107 912 Gronovius
1125 861 1218 924 itique
1240 873 1280 923 pr.
1302 858 1344 908 ed.

240 951 317 1000 qoem
328 936 573 1001 eoosimterpretsri,
584 939 695 987 meruit.
720 937 773 988 Ab·
811 941 880 987 nott.
897 951 931 986 ex
948 936 1075 986 omnibus*
1086 935 1158 986 Gaii.
1177 942 1206 986 et
1225 935 1295 984 Part.
1315 941 1345 984 ot

241 1014 326 1063 utitur
342 1013 369 1063 in
387 1027 445 1063 esm
464 1028 519 1064 reto
537 1013 624 1064 serbis
641 1013 774 1065 Msstistis
810 1018 839 1062 et
850 1010 912 1061 edd.
928 1011 1077 1062 Andresois
1094 1018 1181 1076 etque·
1193 1011 1292 1062 Aidios
1307 1011 1345 1059 is·

241 1089 334 1154 Epigr.
346 1104 373 1139 v·
383 1095 425 1141 85.
440 1091 519 1142 ‘Seis
530 1097 613 1147 ceste,
628 1098 703 1156 poto,
717 1106 774 1142 res·
810 1088 912 1138 terrimo
930 1089 1075 1139 reroosrit.
1114 1088 1178 1138 Mox
1195 1093 1264 1151 perte
1283 1086 1346 1136 susi

240 1173 282 1217 trs
297 1166 354 1228 jem
372 1167 461 1217 venire
482 1168 640 1225 Satomslis,
661 1168 775 1220 Mettius
809 1164 965 1215 mmmmm
990 1165 1066 1215 Voss.
1093 1166 1155 1215 Lov.
1180 1169 1204 1214 1.
1223 1169 1250 1215 9.
1273 1169 1299 1214 t.
1314 1169 1347 1216 d.

240 1240 393 1292 lisieodos.5
426 1243 508 1306 Atqui
523 1251 626 1294 eertum
635 1283 637 1288 .
645 1252 696 1300 est,
715 1245 773 1295 Ms-
811 1241 887 1292 Harl.
896 1242 959 1304 Ber.
971 1242 1081 1296 Gaerto.
1092 1241 1162 1290 Hos.
1173 1248 1200 1292 et
1210 1240 1273 1290 edd.
1285 1246 1347 1289 vett.

241 1320 351 1370 troostis
367 1320 482 1370 nonnisi
502 1315 774 1385 peruasdm'mrro·
810 1317 911 1368 Postea
929 1317 1044 1369 Froben.
1065 1322 1139 1369 1515.
1157 1334 1173 1366 s
1191 1321 1262 1381 parte
1283 1316 1346 1365 amsi

240 1398 296 1447 esti
306 1398 314 1424 ‘
325 1397 473 1446 Sstoroslis
488 1397 685 1462 metroosrom‚'
695 1399 774 1463 qood,
811 1396 901 1447 dedit·
917 1398 1067 1463 Utrumque
1078 1395 1248 1460 scriptoribus
1260 1408 1292 1444 so
1304 1395 1346 1444 Li·

240 1474 309 1524 sicut
327 1472 507 1528 Sitornsiibus
522 1489 630 1524 munere
646 1476 719 1540 siris,
735 1476 775 1526 its
811 1474 853 1525 sio
863 1482 953 1524 nostro
963 1474 990 1523 in
1007 1489 1054 1523 oso
1070 1488 1139 1534 esse,
1156 1473 1301 1524 ridebimus
1313 1470 1345 1520 sd

240 1548 366 1599 sustronis
377 1549 550 1600 mittebantur
560 1551 687 1602 Ketemdis
701 1553 778 1603 Mes·
810 1561 857 1600 xa.
883 1553 926 1600 99.
955 1551 968 1613 i
994 1554 1020 1600 8.
1058 1549 1160 1599 Veitem
1188 1549 1278 1613 itaque
1304 1546 1346 1597 hie

241 1625 296 1686 tiis,
305 1625 360 1676 sire
372 1625 573 1678 Mettensiibus.
600 1629 676 1681 Quod
687 1630 710 1680 si
719 1645 773 1680 om·
810 1625 915 1691 seriptis
927 1626 1070 1676 adhaerere.
1104 1626 1239 1676 Praetereo
1256 1625 1346 1674 ultime

241 1702 303 1753 uino
315 1703 365 1754 riis
375 1703 523 1755 Suterosiis
534 1705 660 1756 Ksiesdis
670 1708 774 1758 Martiis
811 1704 902 1755 θοοὶ..
919 1703 963 1753 ed.
988 1701 1162 1768 quinquaginta
1184 1702 1271 1789 miliia,
1299 1715 1350 1764 pro

240 1778 395 1844 titisseog‘
409 1781 509 1845 primu'
526 1783 616 1846 otique
638 1783 704 1848 huc,
727 1791 774 1837 sot
812 1780 875 1833 XV.
892 1780 979 1840 odilia
999 1779 1068 1866 quod
1089 1778 1173 1828 Gron
1195 1777 1221 1827 im
1244 1792 1284 1842 pr.
1305 1779 1348 1826 ed

243 1857 347 1919 potios‘
361 1856 468 1921 prioress
485 1859 507 1908 si
527 1860 621 1909 Latine
638 1860 709 1925 toqui
729 1877 774 1912 so·
812 1863 921 1908 notmex
931 1854 1037 1921 sorrptts
1048 1862 1076 1907 et
1087 1854 1149 1905 edd
1159 1854 1259 1919 antiqq.
1270 1867 1346 1904 reru·

242 1934 333 1997 irrosus,
351 1948 402 1983 non
411 1932 564 1993 ‘ssseooudo
580 1936 694 1986 dicende
711 1937 775 1988 t‘ois·
809 1933 890 1985 ussit.

241 2019 307 2061 seot.
340 2012 400 2061 Ut‘
412 2011 631 2074 vtaeuapriorass
648 2014 823 2065 ‘Vinalia
844 2012 915 2062 tritu
935 2016 959 2063 et
978 2010 1075 2061 duresii
1093 2010 1144 2061 riui
1160 2010 1225 2074 rapti
1242 2016 1307 2066 sust,
1321 2014 1349 2059 et

241 2085 338 2138 siters'
356 2088 383 2136 in
402 2089 485 2138 veteri
505 2088 775 2141 Kaleuduriomotso·
811 2090 865 2154 equi
888 2089 1014 2139 Numidici
1035 2088 1101 2139 midde
1114 2093 1138 2138 at
1156 2088 1293 2152 quingenti]
1313 2089 1350 2137 Et

241 2170 294 2215 tor.
325 2163 457 2215 Caeterum
471 2166 542 2215 eires
556 2165 583 2216 id
600 2173 703 2231 tempos
714 2175 777 2233 post
810 2167 875 2216 uitta
886 2166 982 2216 ducents
993 2182 1045 2215 mm
1062 2166 1162 2215 Ioum.
1179 2170 1205 2214 et
1225 2165 1277 2213 CC·
1297 2166 1350 2213 risi

241 2246 282 2290 tot
293 2254 373 2290 uooos
385 2240 486 2290 finitum
497 2242 529 2291 iri
541 2241 637 2292 heitom
647 2243 775 2295 Ponticam
812 2241 890 2294 Voss.
902 2244 967 2299 Lov.
977 2248 1004 2295 9.
1014 2247 1039 2293 4.
1052 2243 1129 2294 Heri.
1140 2241 1210 2291 Har.
1220 2247 1247 2291 et
1261 2240 1350 2290 Heus·-

241 2317 583 2382 seeundumejuiretomen
592 2319 776 2385 detumpsoiio
811 2320 847 2370 sii
860 2321 897 2372 N.
921 2321 991 2370 Dein
1003 2321 1058 2385 equi
1070 2318 1195 2368 Numidici
1208 2318 1273 2368 MD.
1282 2318 1350 2367 Lov.

243 2400 305 2456 post
326 2394 480 2458 principium
506 2404 626 2445 narretur
652 2410 728 2448 xxti.
751 2401 780 2448 1.·
811 2398 837 2445 4.
855 2397 910 2461 equi
923 2397 1048 2447 Nsumidiei
1061 2398 1096 2447 X.
1114 2396 1155 2446 vei
1169 2398 1257 2450 decem,
1269 2395 1349 2443 Voss.

241 2477 249 2500 ⁸
263 2471 400 2520 Postremo
412 2473 555 2523 Decembri
568 2474 625 2537 jem
641 2489 730 2525 mense
741 2476 775 2525 sd
814 2473 877 2523 Isos.
888 2478 911 2523 1.
922 2479 947 2523 9.
958 2474 1035 2524 Hori·
1052 2473 1122 2524 Har.
1140 2478 1168 2523 et
1187 2470 1297 2522 Hesroii
1309 2470 1351 2521 N.

242 2546 324 2596 edem
334 2546 440 2597 Suturoi
451 2548 541 2598 Romu
553 2551 713 2602 immoratum
725 2559 777 2614 est,
812 2548 898 2599 Voces
908 2550 1066 2600 iitsedesoot
1078 2551 1104 2599 1ο
1117 2550 1179 2599 Lor.
1191 2554 1216 2598 5.

239 2625 482 2689 lectisterniumque
492 2625 778 2694 imperatum,(teotom
853 2624 931 2687 Sim
956 2626 1075 2676 muirama
1108 2625 1261 2688 septuaginta
1286 2623 1352 2687 duo}

242 2709 378 2753 senatores
393 2703 566 2767 straverant.)
583 2711 610 2755 et
628 2707 780 2757 convivium
815 2701 914 2767 Soripti
924 2705 972 2752 'duo
986 2709 1012 2753 et
1028 2703 1117 2754 LXX.
1133 2702 1175 2752 sei
1190 2703 1237 2750 dus
1254 2705 1278 2750 ei
1294 2715 1349 2763 sep·

242 2777 435 2840 publicissimo
454 2793 501 2843 per
520 2781 610 2831 orbem
627 2782 777 2833 daturosiiu
813 2781 934 2841 tsagista.
949 2780 976 2832 J.
992 2780 1024 2830 F·
1040 2779 1124 2830 Groo.
1139 2802 1142 2807 ·
1156 2779 1244 2842 Signa,
1263 2778 1305 2827 vel
1322 2782 1351 2827 et

241 2853 310 2903 diem
323 2856 605 2908 eenootearoismsts!
621 2859 649 2907 J.
656 2859 689 2908 F.
699 2861 779 2908 Grom
813 2856 885 2918 st‘gna
894 2857 1010 2909 militaria
1019 2858 1065 2906 dao
1076 2862 1100 2906 et
1110 2856 1199 2905 LXX.
1214 2856 1255 2906 sei
1266 2856 1312 2903 duo
1322 2859 1351 2903 et

241 2930 589 2994 Equitatumiusatumoiibus
594 2935 681 2998 primis
690 2951 777 2995 ageses
812 2935 975 2998 septuaginta,
992 2949 1043 2984 οοο
1062 2940 1162 2984 tentum
1180 2947 1270 2982 omnes
1288 2932 1350 2994 mei,

242 3023 358 3070 aggressa
368 3010 530 3062 Numidarum
541 3011 638 3062 Lomd·
646 3013 777 3077 quomodo
814 3015 843 3061 et
867 3011 975 3061 Heuruii
997 3012 1027 3061 1.
1044 3014 1068 3060 1.
1091 3011 1128 3061 Ν.
1151 3024 1183 3060 se
1203 3010 1239 3057 1).
1257 3022 1348 3058 rernm

241 3087 322 3135 etism
333 3094 393 3137 ente
406 3086 515 3138 Aseeos.
523 3089 622 3139 editam
634 3098 672 3138 est
679 3090 778 3141 venet·
814 3090 895 3140 etism
911 3105 1001 3141 omnes
1018 3092 1088 3155 typis
1106 3089 1195 3139 esoosi
1215 3100 1296 3152 aeque
1313 3086 1347 3136 ud
1365 3109 1368 3115 ·

242 3175 266 3211 s.
283 3166 356 3214 1495.
374 3169 403 3213 et
421 3167 494 3215 1586.
529 3165 624 3230 Neque
640 3167 719 3217 utiter
734 3173 777 3219 est
814 3169 857 3218 ed·
867 3168 953 3219 Puris.
965 3171 1038 3217 1515.
1049 3181 1108 3232 qoae
1119 3164 1242 3215 LXXII.
1257 3163 1349 3212 dedit:

243 3237 270 3289 is
288 3237 369 3289 flato
387 3248 416 3290 et
434 3242 506 3291 Har.
523 3243 573 3292 nisi
595 3244 665 3308 quod
686 3246 782 3295 vooem'
814 3245 890 3308 oojos
910 3245 967 3295 loeo
994 3244 1098 3294 demam
1123 3243 1216 3292 uitims
1239 3240 1350 3290 Gruteri

242 3314 315 3365 atissa
336 3316 466 3379 ignorent.
510 3318 644 3369 Deinde¹
633 3336 661 3370 ss
680 3322 783 3383 agmine
813 3323 1034 3386 septuagintaduo.
1066 3320 1184 3370 Priscam
1200 3320 1281 3383 igitur
1297 3318 1358 3366 aa:

242 3390 317 3442 dedit
339 3393 453 3444 Froben.
476 3398 549 3445 1585
573 3398 681 3460 equitatu
702 3400 777 3453 missa
814 3400 912 3450 tionem
924 3397 1053 3449 reroousi
1084 3397 1212 3448 Similiter
1224 3403 1353 3460 peccator

243 3467 413 3521 Saturnalibus
436 3470 523 3533 prieris
546 3486 633 3534 egam
661 3480 779 3537 aggrumd
815 3491 875 3541 esp.
888 3475 944 3541 seq'.
956 3477 1008 3540 §9-

243 3544 403 3595 Numidarum
414 3545 526 3596 Gserto.
541 3556 569 3598 et
581 3549 646 3598 Rec
657 3551 777 3615 equibus
822 3554 992 3617 §anatra
1010 3551 1177 3608 mummius,
1195 3559 1267 3609 quam
1284 3551 1353 3608 (4144.

242 3624 269 3672 1ο
285 3637 317 3673 eo
335 3630 436 3673 tuntum
455 3623 543 3675 differt
563 3627 628 3677 Ber.
645 3627 715 3692 quod
731 3645 782 3690 ugr-1
815 3613 1177 3693 quomeiaoogebsisariumo]
1195 3621 1297 3671 Primo
1297 3637 1355 3671 soro

240 3715 325 3762 {ressa
345 3716 431 3764 agmen
453 3703 504 3753 aiio
529 3701 622 3752 ordine
643 3703 777 3767 present.
814 3704 881 3752 mute
891 3701 985 3751 deest
978 3716 1004 3751 tn
1016 3701 1116 3751 Lovl
1149 3698 1218 3749 Vide
1229 3698 1339 3749 sdr

244 3778 777 3844 Equitatusatmmaiiiiuaprimisagmesag·
815 3779 866 3842 §s-
899 3776 1003 3828 Deinde
1021 3777 1133 3840 qumiam
1148 3776 1227 3839 msgis
1246 3778 1309 3826 ιον.
1323 3782 1349 3826 5.

240 3868 326 3914 gressa
350 3856 510 3905 Numidarum
537 3857 601 3906 Lov.
623 3862 647 3906 5.
668 3858 778 3921 equitatu
814 3863 843 3906 et
860 3856 929 3906 Hsv.
947 3857 1004 3922 quia
1020 3856 1098 3917 magis
1114 3856 1192 3906 Voss.
1209 3855 1274 3906 Lov.
1289 3859 1314 3904 1.
1325 3860 1351 3906 8.

172 3932 177 3940 '
243 3929 523 3995 &timidissimis
549 3947 635 3994 agmen
661 3948 778 3995 aggressa
815 3933 889 3984 Hori.
916 3934 980 3984 Ber.
1006 3932 1116 3982 Gaestn.
1142 3937 1170 3981 et
1197 3930 1260 3980 edd.
1288 3939 1351 3982 sote

245 4006 405 4057 Numidarum
426 4008 521 4072 reliqui
546 4009 608 4072 soei,
634 4009 683 4058 oiri
707 4010 776 4072 qood
816 4010 894 4059 Frob.
907 4015 981 4060 1515.
1013 4008 1350 4060 Moxabreaestismemariu

244 4080 405 4132 Numidarum
415 4099 623 4147 aemmaggmssa
633 4086 702 4136 estro
711 4087 776 4136 Lae
812 4087 921 4153 perfidia
941 4088 1005 4137 Ber.
1025 4087 1055 4136 ob
1073 4090 1192 4136 maestam
1213 4085 1361 4139 messoriam·

244 4160 270 4206 4.
262 4173 370 4219 0agmen
391 4175 507 4222 aggresm
525 4162 673 4212 Numidas
667 4177 693 4212 tn
710 4163 776 4215 Lov.
812 4165 922 4227 perfidiae
938 4165 1070 4213 immid
1105 4160 1317 4211 videndum
1325 4166 1351 4255 1.

244 4236 270 4282 9.
287 4234 394 4295 equitatu
412 4237 486 4286 muso
506 4238 677 4291 Saturnalibus
692 4240 778 4303 primis
815 4241 860 4305 §8
863 4271 870 4288 .
900 4264 903 4271 ·

246 4308 406 4362 HearoiiD.
423 4314 531 4378 equitatu
548 4315 715 4367 Saturmaiiius
724 4318 779 4382 pri·
846 4321 911 4384 §lo
928 4315 1356 4383 laramdiaauamquamjastuira]
