2975 4950
250 375 359 443 lotae
599 389 709 441 nore
735 387 938 437 vantonun
960 385 1003 436 ιιι

251 536 319 590 Η.
337 535 419 587 (lton.
451 534 593 586 Addeeerat
610 534 701 585 Lorel.
719 536 744 583 t.
759 540 784 584 b.
823 536 917 595 tamque
928 530 1069 595 implorabat
1080 530 1206 581 aredium.
1240 527 1354 594 Atpre·
1421 579 1424 586 ,

252 613 398 665 Bentian.
415 612 785 662 ereaa.n0m.m.1ere.aa
821 610 997 661 etantirrlmor
1025 610 1086 660 Pul.
1115 608 1238 659 ntramrir
1266 621 1352 657 rocem

252 691 341 741 Parm.
352 692 429 754 idque
447 689 528 739 videri
547 697 634 753 ponet
652 689 785 752 eleganter
822 702 870 752 pro
882 686 1067 751 aporialrabet,
1078 684 1356 750 tantnmqaeeatrtnet,

253 771 353 820 dictum
374 785 429 818 ene
452 768 484 820 ad
507 768 654 831 exemplum
674 767 786 828 illorum,
821 764 1252 828 nitimnqminpnmbanntempm.
1287 761 1356 811 Scri·

253 847 389 911 dequibus
402 861 451 908 ago
467 844 499 895 nd
518 844 700 907 xxxvt.l⁰.§
716 847 740 893 3.
757 849 786 892 et
822 840 866 897 be,
883 841 950 891 Dum
972 840 1101 904 spoliandis
1123 839 1155 888 iit
1176 838 1355 902 (repugnabant

253 924 350 989 probet
367 924 445 973 etiam
462 922 578 971 Crevier.
596 935 629 969 ex
645 920 786 969 Tharanaeo.
822 918 885 969 enim
905 918 1051 983 militemque
1071 916 1244 980 implorabant)
1263 921 1356 978 lampat

256 1000 293 1051 At
308 1000 401 1063 reliqui
412 999 462 1049 mei
480 1013 538 1047 ram
557 996 665 1048 Hearoii
678 995 785 1045 Ononn.
823 996 920 1057 teritur,
931 1001 1026 1060 repente
1037 993 1242 1054 militenseroeee:
1259 998 1356 1041 namet

251 1076 392 1131 abduxerat,
405 1075 452 1124 niel
467 1073 535 1139 qnod
545 1074 570 1122 in
583 1073 640 1136 ejne
650 1072 685 1122 D.
697 1072 786 1119 omnia
821 1073 850 1123 rb
857 1074 1007 1139 frequenter,
1019 1075 1096 1138 rolpo
1108 1074 1149 1123 laic
1161 1073 1356 1142 interpositum,
1384 1130 1388 1137 Ι

252 1153 469 1203 baeterrarum
483 1149 785 1215 tribnrpraecetlentibne
822 1152 914 1216 ecripti
932 1154 1061 1215 ignorant.
1094 1152 1187 1201 Cicero
1198 1150 1224 1198 in
1236 1151 1360 1211 Verrem,

249 1244 308 1294 pare
324 1215 365 1279 inb
381 1245 408 1278 ea
423 1241 561 1292 perperam
578 1227 733 1277 omittantur
752 1225 785 1274 ob
822 1229 868 1279 lib.
881 1244 907 1279 v.
922 1231 931 1258 ⁴
944 1230 995 1280 Qui
1007 1244 1066 1279 eum
1081 1243 1131 1278 non
1151 1229 1234 1278 colom
1247 1240 1358 1289 coquat·

252 1305 595 1370 vocieparrrepetitionem·
618 1301 687 1354 Vide
699 1300 732 1351 ad
744 1313 784 1350 ¹¹·
823 1313 924 1361 nerent,
936 1305 982 1355 red
999 1306 1077 1356 etiem
1096 1306 1263 1355 lacrimantes
1282 1318 1313 1353 ac
1331 1308 1359 1353 te

252 1384 373 1447 ll.§ll.
778 1389 781 1396 ’
825 1382 993 1445 implorantes
1020 1379 1210 1431 defenderent?
1243 1380 1358 1442 Proper·

285 1460 299 1523 §
316 1462 332 1507 3
352 1458 399 1506 Cat
412 1472 483 1521 qaum
495 1456 567 1518 jam
583 1454 731 1505 imbuerem
741 1455 785 1504 ad·
825 1459 877 1509 tiae
888 1472 919 1507 ιι.
928 1464 970 1509 nt.
982 1462 1023 1509 ῃ.
1038 1464 1046 1487 ⁴
1059 1458 1134 1508 Hanc
1146 1460 1223 1506 mirer
1235 1455 1360 1518 implorat

251 1540 339 1584 emam
359 1536 465 1598 poenirm
486 1533 559 1597 erret]
588 1533 711 1583 canoram
734 1533 785 1580 ira·
825 1535 913 1585 navita
926 1532 1111 1585 leucothoiin?
1120 1535 1149 1583 J.
1161 1534 1191 1584 F.
1206 1534 1283 1583 Gran.
1307 1530 1359 1580 Mt-

252 1624 310 1660 rnm
331 1611 400 1660 inter
411 1609 567 1659 Pleminium
580 1615 607 1657 et
626 1608 751 1663 tribunos,
770 1621 786 1657 a
825 1614 940 1676 litemque
951 1612 1029 1679 fldem
1045 1612 1202 1674 implorabant
1222 1609 1313 1659 Lovel.
1334 1612 1359 1658 3.

252 1686 332 1738 Diod.
341 1688 391 1737 Sic.
402 1688 426 1736 in
436 1684 786 1749 Excerpt.Peiretc.p.285·
827 1690 904 1740 Harl.
920 1690 984 1738 Rec.
995 1688 1104 1738 Hearnii
1117 1688 1152 1736 1).
1167 1692 1195 1736 et
1206 1688 1271 1749 Reg.
1287 1683 1360 1748 apud

256 1772 438 1826 memoratam,
450 1763 568 1827 praeterit
578 1762 674 1811 Livius·
685 1761 754 1811 Dnb.
826 1766 942 1816 Crevier.
959 1766 1107 1828 militumque
1117 1762 1272 1827 implorabant
1287 1760 1361 1811 anxi·

287 1841 372 1891 Primo
384 1842 506 1904 jurgium,
522 1840 606 1889 deinde
621 1840 712 1887 elamor
727 1853 785 1900 qno·
825 1844 885 1894 lium
896 1845 960 1893 Lon.
973 1847 997 1892 1.
1007 1847 1032 1893 2.
1046 1846 1071 1890 3.
1083 1846 1107 1892 b.
1119 1841 1228 1891 Gaertn.
1248 1839 1319 1889 Har.
1333 1829 1361 1888 et

253 1918 309 1982 que]
328 1918 379 1968 Hic
397 1919 490 1982 aliquia
510 1931 537 1966 re
551 1915 671 1965 exercuit
690 1921 786 1977 praeter
825 1920 935 1969 Henrnii
954 1921 984 1969 L.
1002 1923 1026 1968 1.
1046 1932 1077 1967 nc
1094 1917 1129 1967 N.
1150 1916 1299 1978 militumque
1313 1913 1362 1963 int·

254 2010 381 2057 carratam,
392 2011 471 2059 quom
485 1993 571 2043 Livius
584 1991 691 2042 indubie
703 1991 785 2055 scrip·
821 1995 949 2059 plorabant
959 1994 1051 2044 anxilio
1065 1996 1126 2043 Ber.
1138 1992 1310 2054 Graeculum,
1326 2005 1362 2039 ex

254 2072 329 2139 serit,
349 2069 565 2138 quemadmodum
588 2077 628 2119 eet
647 2070 673 2118 in
696 2068 787 2119 codice
825 2073 943 2136 vestigiis
962 2072 1024 2122 Put.
1042 2072 1187 2134 militemque
1201 2069 1362 2134 implorabant

254 2157 355 2211 vetere,
367 2159 394 2198 et
415 2165 460 2199 noe
478 2150 502 2199 io
523 2155 651 2198 contextu
674 2148 787 2211 reatitui·
824 2148 1022 2212 conjicientem,
1032 2148 1074 2196 laic
1086 2144 1199 2195 fortunae
1211 2144 1317 2210 nimium
1331 2142 1361 2192 ti·

254 2242 320 2292 mm,
339 2227 452 2289 iurgium
472 2228 527 2276 inde
547 2232 571 2276 et
591 2227 687 2284 clamor,
704 2240 788 2289 pagna
825 2226 920 2275 denter
933 2232 1064 2275 vernetum
1073 2238 1140 2283 eoae,
1148 2223 1283 2272 existimet
1295 2221 1362 2273 Cre·

251 2309 370 2367 postremo
392 2309 455 2352 orta.
477 2302 597 2351 Rhenan.
630 2302 703 2350 Unus
725 2301 788 2350 Ber.
825 2303 931 2365 vieriua,
952 2300 1081 2365 siquidem
1108 2301 1170 2349 Pnt.
1192 2298 1294 2348 duobus
1318 2293 1363 2345 laia

251 2380 353 2429 retinet
381 2379 496 2441 priorum
530 2377 590 2427 edd.
620 2378 788 2439 scripturam.
824 2378 897 2429 libris
914 2391 995 2427 xxix.
1013 2384 1039 2426 et
1056 2389 1126 2426 xxx.
1142 2373 1364 2438 frequentissimis

254 2454 360 2521 Reliqui
373 2452 646 2512 adsenlinnlutcoditi
659 2453 787 2510 Rhenum,
825 2456 974 2510 deiectione
994 2456 1057 2508 lriet.
1100 2455 1199 2506 Verum
1223 2454 1364 2504 Puteaueo

255 2532 304 2581 11Ῑεί
323 2530 392 2596 quod
405 2532 517 2593 jurgium
535 2532 592 2580 inde
604 2533 737 2597 clamorque
753 2532 788 2580 tii
826 2537 956 2588 consentit
968 2543 997 2585 et
1009 2536 1076 2585 Flnr.
1090 2535 1177 2600 inquo
1194 2542 1281 2583 tamen
1300 2547 1364 2582 m.

254 2611 282 2658 in
294 2609 372 2661 Voti·
384 2609 473 2660 [torel.
486 2613 509 2660 l.
521 2611 545 2657 2·
556 2613 580 2659 3.
592 2612 617 2659 i·
635 2607 748 2658 Gaerln·
760 2615 788 2658 et
826 2614 894 2664 iliram
910 2611 942 2661 ad
959 2612 1100 2676 marginem
1120 2611 1281 2673 adscriptum
1301 2609 1363 2659 rial·

256 2686 328 2739 Hav-
826 2699 878 2741 tor.
912 2689 982 2740 Qrtln
1000 2698 1036 2749 et,
1052 2689 1073 2737 ai
1091 2687 1223 2751 excerptio
1241 2687 1317 2735 Vota.
1334 2684 1364 2735 fi·

288 2768 330 2831 §t
350 2767 463 2817 Craorem
478 2772 502 2818 el
519 2768 617 2816 vulnera
632 2765 788 2830 orterrtantet]
827 2766 886 2817 dem
898 2766 993 2817 habere
1005 2767 1125 2828 eundern,
1141 2767 1162 2815 io
1181 2766 1291 2815 totidem
1306 2777 1363 2815 ver·

256 2842 325 2892 Gall.
342 2859 448 2893 cruorem
462 2860 490 2893 ae
503 2845 605 2893 reinero.
622 2842 648 2893 J.
660 2844 690 2892 F.
704 2843 788 2893 Gron.
827 2843 865 2893 bie
880 2845 1026 2908 militemque
1047 2843 1204 2906 implorabant
1226 2841 1363 2900 exhibuit3

254 2914 298 2968 Ita
314 2928 340 2968 et
357 2921 427 2970 Flor.
446 2921 586 2984 ploretque
604 2919 646 2967 alii
665 2934 789 2973 meorum,
826 2934 859 2970 ex
872 2922 945 2984 cujac
963 2920 1178 2984 interpretatione
1192 2919 1300 2984 reliquae
1311 2918 1361 2967 lec·

256 3010 315 3045 cum
337 2996 446 3045 Hearnii
463 2995 568 3045 Oneon.
601 2996 664 3046 Mox
687 2996 713 3045 in
735 3010 790 3046 enm
827 2997 912 3047 tiones
924 3004 994 3048 natae
1006 3003 1074 3047 erant.
1095 2994 1362 3060 ‘Implorare'enitn

248 3071 345 3132 jactato
356 3072 480 3134 injurgiia
494 3074 556 3121 Lov.
566 3076 623 3121 nt.
636 3080 663 3122 et
676 3072 752 3122 Vuae.
763 3072 790 3120 in
827 3075 890 3124 ‘eat
909 3074 1033 3123 auxilium
1050 3088 1108 3123 cnm
1131 3072 1299 3122 miseratione
1318 3070 1363 3120 de'·

255 3157 309 3197 enm
318 3146 592 3210 ipramjactatajargiie
603 3147 670 3198 Har.
780 3142 782 3147 ’
828 3147 956 3213 poscere,’
970 3157 1038 3199 teate
1049 3148 1141 3198 Servio
1159 3148 1192 3198 ad
1209 3148 1286 3212 Virg.
1304 3148 1363 3198 AEo.

292 3223 368 3271 Dama
382 3237 408 3271 ee
422 3222 551 3286 proripuit]
572 3223 670 3272 Omnee
688 3239 748 3274 aare.
763 3222 791 3273 J,
828 3238 856 3276 x.
869 3229 909 3276 19.
943 3226 986 3275 Ita
999 3227 1115 3291 loquitur
1132 3224 1211 3276 ovid.
1224 3225 1292 3274 Her.
1311 3237 1365 3274 ιιιι.

256 3298 288 3347 1².
298 3297 381 3348 Gran.
405 3299 509 3348 Itanon
523 3305 624 3349 tantrnn
636 3299 715 3349 etiam
727 3301 790 3360 mei,
830 3306 886 3352 195.
904 3302 981 3353 ‘Non
995 3318 1043 3366 ego
1056 3311 1082 3351 te
1094 3302 1195 3365 inploro
1206 3307 1299 3351 cantra
1308 3308 1364 3349 tao·

256 3375 489 3425 unodimentiente
500 3377 565 3426 Lov.
575 3381 600 3426 l.
610 3389 698 3426 verum
711 3378 789 3427 etiam
823 3379 925 3443 ‘eoaque
943 3377 1082 3442 virosque!
1116 3379 1226 3427 Metam.
1242 3390 1310 3427 xrn.
1322 3380 1363 3426 bb.

256 3467 347 3502 omnes
370 3452 430 3502 edd.
453 3469 533 3519 oeque
553 3453 585 3504 ed
604 3454 712 3505 Gruteri
729 3456 791 3505 ulti·
829 3457 936 3509 ‘Quam
952 3458 1096 3519 inploraret
1109 3454 1233 3521 ulyxem)
1265 3455 1364 3506 lustin.

255 3543 334 3587 mam,
347 3546 404 3595 quae
415 3546 441 3579 re
448 3531 567 3594 proripuit
579 3531 661 3581 dedit.
829 3547 868 3583 tv.
889 3537 912 3582 8.
929 3540 937 3562 ⁴
951 3533 1036 3582 Parlais
1055 3532 1174 3588 civitate,
1192 3539 1283 3581 contra
1301 3544 1364 3594 quor

289 3609 326 3672 §b
340 3604 792 3672 Militumqneinplorabantaaxilinm]
829 3609 953 3673 inplorati
976 3606 1082 3658 erantr'
1103 3607 1158 3657 ‘ad
1181 3607 1305 3657 auxilinm
1326 3606 1363 3655 in·

257 3682 459 3732 Emendavimur
472 3682 700 3749 militumquefldem
710 3683 792 3746 impio·
830 3687 933 3751 plorare
955 3686 1082 3751 aliquem'
1097 3683 1167 3752 dixit
1185 3684 1252 3734 idem
1266 3684 1364 3735 lustin.

256 3759 352 3808 rabant.
370 3761 487 3809 Rhenan.
522 3758 571 3808 Ed.
588 3759 660 3823 Mag.
678 3761 792 3809 militnm·
830 3766 942 3812 terni.
1281 3768 1285 3775 '

257 3852 302 3900 qae
312 3837 429 3885 auxilium
440 3837 605 3900 implorabant.
618 3836 732 3887 Modius.
754 3836 794 3887 Ut
866 3838 970 3901 Repente
987 3837 1127 3902 frequenter
1153 3836 1243 3886 militet
1259 3834 1365 3898 ferorae]

258 3911 401 3961 Rhenanus
412 3914 570 3976 emendavln·
587 3915 624 3964 ita
638 3916 708 3964 noluo
720 3915 793 3964 exiri-
829 3914 990 3964 Vocabulum
997 3915 1138 3978 frequentet
1154 3927 1206 3962 noo
1223 3918 1265 3961 eet
1281 3914 1307 3960 in
1324 3925 1363 3960 ar·

257 3988 305 4038 bet
323 3989 381 4037 Pal.
398 3993 422 4040 ³.
456 3991 558 4056 Reliqui
574 4004 663 4040 ornnes
678 3992 794 4041 militnm·
830 3992 1079 4056 cbetypoSpirenai·
1112 3988 1363 4040 Neceoletitadno

258 4081 304 4129 qne
313 4066 471 4129 implorabant
483 4069 611 4117 auxilinm.
623 4067 710 4118 Gebb.
741 4067 793 4116 Mi·
831 4067 959 4131 adjectiva
976 4081 1034 4117 cum
1054 4081 1106 4115 uno
1124 4066 1288 4115 substantivo
1305 4078 1364 4114 con·

258 4143 455 4207 iilumqaasldem
466 4144 624 4207 implorabant
640 4144 672 4194 ab
690 4144 794 4194 Rhena-
830 4153 937 4196 nectere
957 4146 1054 4195 Liuiua.
1071 4146 1181 4194 Rbenon.
1217 4143 1294 4193 (besai
1314 4156 1364 4191 mo·

259 4233 294 4266 no
315 4226 367 4279 eet,
388 4219 465 4281 eique
489 4221 621 4270 consentit
640 4221 699 4270 Pal.
719 4232 796 4271 unna·
832 4237 886 4272 rem
898 4223 965 4273 Pall.
979 4219 1364 4284 triumeoneeorui,rbfreqeett·

260 4295 349 4347 'l'urba
362 4295 490 4354 codicum,
500 4301 530 4346 ut
541 4306 601 4348 ante
612 4298 721 4363 vulgum,
732 4298 795 4348 mili·
832 4304 868 4349 iet
878 4299 1086 4358 exturbantium,
1103 4296 1171 4364 qnod
1188 4308 1214 4348 et
1228 4298 1363 4348 Rhenanus
