2975 4950
247 393 355 465 10492
595 413 704 463 noun
730 410 931 461 usuronnu
957 412 998 461 ru

247 556 349 607 Buslld.
371 556 426 621 alii,
448 558 539 622 Optare
563 557 674 621 prusam.
699 558 727 609 J.
751 558 782 607 F.
818 556 1033 607 tionelitersrnm
1046 560 1114 605 orto.
1136 555 1204 607 Vide
1217 555 1250 605 ad
1260 569 1300 606 vr.
1310 560 1349 605 17.

171 623 174 630 ⁴
247 633 331 684 Gron.
366 633 585 685 narraremus.
604 635 780 685 OrtoreHurl.
816 636 866 699 64.
900 635 964 683 Μοιι
982 634 1005 682 si
1023 634 1149 695 similetur,
1168 649 1215 696 pro
1229 633 1252 681 si
1268 634 1349 683 silere

250 712 341 775 Optare
361 712 432 762 Flor.
454 712 518 764 Lor.
534 716 557 761 l.
573 715 598 760 2.
614 717 640 760 6.
660 712 735 762 Voss.
754 720 780 761 et
816 716 867 773 tur,
885 712 947 760 Lus.
962 715 986 759 1.
1016 711 1039 759 si
1055 710 1179 759 simuletur
1196 710 1261 759 Lov.
1280 714 1306 759 2.
1321 717 1349 759 et

246 789 355 838 Hastati
367 789 398 838 L.
417 793 440 838 1.
453 804 483 837 ao
500 789 537 838 Ν.
553 789 631 852 qnod,
650 795 779 853 tamquam
815 786 927 836 Gsertn.
962 787 1067 835 Deinde
1085 801 1111 834 eo
1129 787 1188 849 iuro,
1201 802 1247 849 qua
1261 788 1349 834 celare·

246 865 398 922 modestius,
413 878 489 929 qnam
507 864 575 929 quod
591 866 668 928 vrtlgo
684 863 781 913 edeba·
815 871 864 926 tur,
876 879 923 928 pro
935 866 1004 927 qaod,
1015 864 1085 913 Flos.
1097 865 1172 913 Voss.
1184 865 1248 912 Lon.
1259 868 1284 912 1.
1292 869 1316 913 2.
1325 868 1353 918 6.,

246 948 300 1004 tur,
313 948 386 989 recto
397 940 544 990 Crevierins
562 941 671 1004 recepit.
703 940 779 990 snnt·
814 945 840 990 5.
854 942 928 990 Harl.
942 942 1003 990 Ber.
1016 941 1126 990 Guertn.
1137 946 1166 990 et
1180 941 1252 989 Har.

245 1017 307 1065 liter
320 1018 421 1067 variant
437 1017 515 1067 codd.
531 1018 600 1079 opud
612 1018 686 1067 Suet.
697 1019 778 1081 Vesp.
848 1016 1275 1081 Timorqueinexrrrituruiucideret]
1287 1018 1349 1066 For·
1435 1065 1437 1068 ,

245 1108 269 1144 c.
281 1098 306 1142 6.
318 1093 361 1142 ubi
373 1094 432 1143 vide
445 1096 512 1143 siros
526 1094 627 1143 doctos.
662 1095 777 1144 Praeter·
814 1098 881 1140 unse
898 1094 981 1141 mulis.
1015 1093 1159 1144 Considera
1178 1099 1265 1142 temen
1284 1094 1348 1144 Pur.

245 1183 276 1217 ea
287 1169 400 1228 feceruut
418 1171 495 1220 Voss.
514 1172 580 1220 Lov.
599 1175 623 1220 l.
634 1175 659 1220 2.
671 1175 696 1221 2.
708 1177 733 1221 5.
750 1179 778 1223 et
814 1170 876 1220 Pet.
888 1170 956 1233 ch.
969 1172 1041 1221 Men.
1054 1172 1128 1220 Voss.
1140 1171 1271 1235 doumque
1280 1173 1348 1224 Pall.

244 1239 354 1296 (laertia
363 1248 475 1306 jecerant
486 1248 555 1297 Has.
588 1248 652 1297 Mox
670 1263 714 1297 nee
731 1249 779 1298 sili
812 1246 967 1310 scripturam
987 1247 1103 1309 timorque
1115 1247 1143 1294 iu
1158 1248 1268 1297 exercita
1282 1248 1348 1297 iure·

243 1322 357 1372 iuteresse
379 1323 456 1373 Voss.
480 1326 544 1373 Lov.
567 1327 591 1371 l.
612 1330 640 1372 et
668 1324 779 1375 Gaertn.
811 1323 886 1371 deret.
921 1322 1038 1372 Verbum
1053 1323 1120 1371 lrnnd
1132 1321 1284 1385 infrequens
1297 1325 1347 1389 luoc

242 1397 336 1449 Paullo
353 1408 414 1449 mue
426 1404 440 1465 §
452 1415 531 1463 praec.
543 1400 643 1462 uictam,
662 1415 708 1463 pro
725 1401 776 1450 irie·
811 1400 889 1447 modo
908 1400 991 1449 [rivio.v
1023 1400 1080 1450 Lib.
1092 1413 1194 1449 nuc.
1206 1404 1230 1449 l.
1247 1400 1354 1458 ‘Tanta

244 1479 295 1523 tum
314 1476 369 1524 sire
382 1477 503 1538 junctum,
521 1478 585 1525 Lot.
597 1481 620 1525 1.
655 1476 721 1525 Vide
742 1478 775 1527 sd
812 1475 912 1541 religio,
924 1483 952 1525 ct
963 1491 995 1525 ea
1006 1491 1099 1540 magna
1116 1492 1148 1524 ex
1167 1482 1241 1537 parte
1257 1486 1348 1526 exter·

243 1549 300 1598 Lis.
312 1552 361 1615 Ep.
374 1553 502 1601 luxum.
526 1552 694 1604 VirlumRec
729 1553 776 1602 Vi·
811 1566 854 1612 na,
875 1553 1008 1602 civitatem
1033 1549 1163 1601 incessit.'
1196 1564 1302 1601 xxvnr.
1322 1558 1347 1603 6.

244 1625 278 1674 de
290 1625 323 1674 sd
337 1641 364 1676 v.
375 1629 462 1690 Ml.
811 1628 917 1677 ‘Timor
939 1628 1034 1677 deinde
1061 1627 1207 1691 oppidanos
1230 1629 1347 1684 incessit,

261 1704 288 1765 -§
303 1706 333 1751 1⁰
344 1704 380 1752 Et
395 1702 439 1766 pro
453 1709 519 1753 terra
535 1703 637 1767 Africa]
652 1705 688 1754 Et
704 1703 775 1768 prank
810 1718 853 1768 ne,
868 1705 889 1753 sl
907 1704 988 1754 hostis
1005 1704 1096 1754 urbem
1113 1703 1257 1753 intrasset-²
1292 1705 1347 1755 Ibi·

241 1780 400 1839 terAsrieam
413 1779 532 1830 Horlrel
543 1783 677 1844 propatrio
689 1781 776 1842 Africa
810 1780 870 1830 dem
893 1796 916 1831 c.
936 1785 978 1831 46.
998 1781 1177 1830 ‘Pestilentia
1203 1782 1346 1832 incesserat

239 1853 305 1922 lor.
319 1859 344 1903 6.
362 1856 473 1905 Gsertn·
489 1857 551 1905 Ber.
570 1857 677 1907 Hesrnii
697 1859 732 1907 Ν.
748 1866 784 1909 ιι
810 1859 867 1922 pari
889 1860 963 1909 clade
982 1860 1007 1908 in
1026 1859 1157 1908 Romanos
1179 1858 1344 1923 Poenosque:

242 1930 303 1979 edd.
322 1930 418 1980 Aldina
434 1932 550 1995 priores3
568 1933 636 1996 quod
655 1948 689 1983 ex
709 1935 775 1996 glos·
810 1934 869 1983 Hoc
885 1934 928 1984 lib.
945 1950 969 1984 c.
980 1939 1020 1984 10.
1037 1935 1087 1983 ‘Et
1103 1940 1176 1983 tants
1193 1933 1301 1983 incessit
1317 1935 1344 1983 in

240 2006 561 2068 saproflnxissevidetnr.
590 2008 774 2075 TerroAsricn,
809 2012 944 2060 castronis
956 2009 1055 2060 noent!
1081 2010 1345 2060 xxxvulu‘ttmor

239 2088 269 2131 nt
279 2086 287 2111 ⁴
298 2090 370 2133 terra
382 2084 482 2135 Italis!
515 2086 584 2134 Vide
597 2086 628 2134 ad
641 2081 710 2135 xxi.
721 2090 772 2153 l.§
809 2086 902 2136 deinde
921 2088 1038 2150 incessit,
1056 2102 1089 2137 ue
1110 2103 1173 2152 qnos
1194 2101 1243 2151 per
1261 2088 1345 2138 immi·

238 2162 263 2208 4.
297 2160 361 2208 Mox
370 2176 459 2225 proque
474 2162 612 2225 pareatibus
622 2168 692 2227 atque
700 2178 773 2228 perra·
810 2166 898 2214 nentia
906 2166 972 2229 juga
985 2167 1065 2215 calles
1076 2166 1204 2214 inveniret
1215 2164 1249 2213 ad
1261 2173 1344 2213 trans·

239 2236 378 2287 tibusBer.
809 2241 874 2293 itum
895 2241 1048 2293 Romanus.'
1089 2243 1195 2292 Tacitus
1215 2242 1289 2292 llist.
1311 2256 1343 2291 ιι.

271 2314 436 2364 ΟΑΜκιν.
446 2319 460 2380 6
471 2320 487 2365 2
498 2317 599 2380 Legotis
607 2318 774 2381 properami-
808 2322 851 2368 63.
867 2319 992 2368 ‘Sabinus
1014 2325 1110 2382 suopte
1135 2309 1240 2382 ingenio
1263 2318 1362 2379 anitius

236 2403 336 2452 usquam
351 2405 390 2439 ree
405 2393 552 2458 vulgaretur,
563 2394 679 2456 remissis]
695 2393 773 2455 negas
810 2395 853 2444 nbi
876 2394 988 2446 formido
1006 2395 1165 2458 incessisset,
1183 2393 1268 2443 facilis
1289 2393 1343 2442 mni

236 2464 279 2527 tis,
289 2481 361 2530 prope
370 2468 463 2531 priusq.
475 2484 513 2517 res
526 2470 677 2531 vulgaretur,
688 2470 772 2519 remir-
810 2470 884 2521 tatu)
901 2475 931 2524 J.
946 2474 976 2524 F.
990 2475 1066 2523 Grou-
1101 2473 1130 2522 la
1152 2473 1260 2521 cumcitu
1278 2471 1343 2520 isree-

236 2541 271 2590 eis
282 2543 353 2591 Flor-
364 2543 428 2593 Lar.
440 2548 464 2593 1.
476 2552 504 2595 et
515 2545 585 2596 Hau.
597 2554 689 2596 contra
700 2562 772 2597 men·
808 2549 878 2596 deret
897 2549 976 2598 etium
996 2548 1066 2611 upnd
1084 2563 1125 2597 me
1142 2548 1210 2597 Flo'r.
1227 2563 1243 2596 a
1256 2563 1289 2597 m.
1302 2562 1343 2610 pr.

236 2626 289 2668 tem
301 2619 377 2670 Livii.
402 2614 502 2671 'Solent
514 2628 602 2671 antem
613 2622 640 2670 iu
651 2622 689 2672 lsis
698 2615 771 2673 roci·
809 2623 872 2672 Lon.
884 2628 908 2673 1.
919 2628 944 2673 2.
956 2624 1030 2674 Harl.
1043 2623 1109 2673 Has.
1120 2630 1148 2672 et
1158 2624 1268 2673 Hearnii
1280 2625 1310 2674 L.
1318 2629 1343 2672 1.

234 2696 284 2748 bus
297 2699 486 2750 confundendis
497 2701 592 2751 scribae
604 2715 703 2752 errare.
725 2702 770 2751 Vi·
808 2713 839 2749 rc
849 2701 883 2750 N.
918 2702 1013 2748 Verum
1030 2700 1108 2749 lectio
1125 2699 1171 2748 ills
1181 2699 1244 2748 uiris
1256 2698 1343 2748 doctis

234 2773 268 2822 ds
280 2773 313 2823 ad
324 2789 427 2826 xxxix.
440 2780 502 2842 31.§
513 2781 537 2827 4.
560 2778 661 2841 Legatis
671 2793 770 2844 quoque,
807 2775 952 2839 displicuit,
960 2785 988 2826 ct
999 2778 1024 2825 in
1036 2776 1125 2839 primis
1135 2775 1272 2839 Doujatio,
1281 2777 1343 2840 qnia

231 2853 325 2918 priusq.
337 2856 403 2905 Lov.
415 2860 439 2906 2.
451 2863 478 2906 et
490 2861 516 2906 5.
807 2852 929 2915 loquendi
949 2852 991 2902 illa
1008 2851 1101 2915 figura,
1115 2853 1232 2916 personis
1249 2854 1344 2917 magis,

265 2933 303 2988 §3
317 2931 419 2992 Nejura
427 2932 525 2996 hospitii
536 2933 682 2997 secundm]
694 2933 768 2984 idern
807 2942 883 2991 quum
895 2928 983 2990 rebus,
992 2927 1201 2992 adcommodata,
1215 2943 1266 2979 non
1284 2931 1342 2981 sine

233 3006 313 3058 Silius
334 3020 408 3057 xvu.
427 3011 469 3057 76.
489 3009 560 3058 ‘Sed
583 3024 633 3058 non
652 3009 769 3060 Ausonio
807 3004 938 3057 arrdsciori
949 3007 1103 3070 metaphora
1111 3007 1162 3057 huic
1173 3007 1279 3057 uidetur
1290 3017 1342 3059 trs·

234 3097 354 3133 cursuum
383 3090 501 3133 extrema
528 3085 698 3149 Syphacem,'
719 3089 769 3136 &a
805 3085 832 3135 hi
854 3100 937 3150 posse.
969 3087 1053 3136 Pntnt
1073 3086 1190 3149 insuper,
1209 3101 1266 3135 eum
1287 3102 1341 3138 non

232 3161 339 3209 Medius.
373 3161 437 3210 Mox
457 3177 486 3211 ue
498 3162 550 3227 sas,
565 3163 651 3228 fidem.
668 3164 769 3213 dextras
806 3162 870 3210 sutis
887 3160 986 3211 firmari
1004 3158 1159 3211 testimoniis
1175 3177 1190 3211 a
1206 3162 1341 3214 Grouorio

232 3236 302 3286 Flor.
318 3237 394 3286 Voss.
415 3238 477 3286 Lon.
492 3242 515 3288 1.
527 3243 551 3289 2.
568 3242 591 3288 6.
609 3239 721 3289 Gnertn.
739 3248 768 3290 et
806 3237 936 3297 adductis,
947 3253 1006 3302 quae
1017 3238 1051 3287 ad
1064 3237 1170 3288 verbnm
1181 3240 1190 3267 ⁴
1200 3239 1339 3290 incessere’

232 3310 302 3361 Hac.
317 3325 362 3360 aru
369 3311 455 3376 fidem,
466 3314 565 3371 deutrus
577 3313 652 3363 Harl.
806 3312 898 3363 referri
917 3322 1033 3377 possunt,
1048 3329 1080 3363 eo
1098 3315 1179 3377 magis
1190 3315 1260 3380 quod
1278 3330 1340 3366 cnm

241 3447 243 3451 Ι
265 3390 301 3453 §l
316 3389 768 3455 Oloersutiqueproelorioeraat]Per·
805 3392 955 3441 accusativo
977 3391 1133 3454 junguntur,
1155 3405 1216 3452 nou,
1236 3400 1265 3442 ut
1287 3393 1340 3455 iric,

231 3479 322 3531 peram
336 3467 767 3531 Pell.alseroatiqnepreoioeraat:
806 3466 1230 3530 ctrnrnblrtiuoetpraepositione.
1262 3468 1340 3518 suni·

231 3556 381 3606 perperam,
404 3543 523 3608 inquam,
550 3544 601 3594 uic.
636 3558 705 3594 xxx.
727 3549 768 3594 11.
806 3542 865 3591 liter
882 3543 961 3592 etism
976 3542 1165 3592 Crevierinsin
1183 3544 1275 3592 iisdem
1293 3558 1338 3593 ex·

230 3619 373 3682 ‘Magnam
386 3625 485 3682 partem
499 3618 667 3682 perfugarum
681 3622 766 3683 palam
805 3618 897 3681 emulis
916 3618 1106 3682 agnoscendum
1126 3618 1261 3668 existimat
1280 3634 1339 3669 ver·

232 3695 386 3758 Cnrtlsngini
409 3694 543 3744 obversari
563 3694 634 3744 dicit
666 3709 767 3745 xxxiv.
804 3696 865 3746 bum
876 3695 1040 3759 ‘incessum'
1052 3711 1102 3745 uon
1120 3696 1280 3754 ‘incedere,'
1293 3698 1338 3761 quii

230 3775 272 3821 uu.
283 3779 290 3800 ‘
300 3771 378 3821 Hunc
391 3770 540 3822 Aristonem
553 3772 709 3833 Carthagine
720 3774 766 3822 ob·
805 3780 891 3823 tamen
908 3778 980 3823 recle
998 3774 1106 3822 alterum
1125 3772 1277 3835 aDoujatio
1292 3773 1338 3822 ad·

229 3855 386 3903 versantem,
404 3862 455 3912 qna
473 3848 507 3897 de
530 3862 622 3897 caussa
641 3848 765 3911 uenisset,
804 3850 886 3900 ditum
898 3851 1006 3911 omittit,
1016 3849 1042 3898 id
1055 3856 1146 3913 patere
1162 3863 1194 3897 ex
1210 3851 1338 3913 praeposi·

230 3922 428 3987 cognoverunt)
462 3936 550 3974 xxxv.
563 3927 603 3972 15.
621 3923 767 3987 ‘Legatum
804 3928 875 3976 tione
886 3941 944 3975 cnm
956 3942 1018 3976 casu
1030 3933 1133 3990 quarto,
1145 3940 1195 3975 nou
1208 3940 1265 3974 cum
1278 3941 1337 3974 sex·

231 4013 282 4062 qno
294 3999 479 4061 Romanus,ne
493 4000 765 4063 ulieno·temporein·
804 4013 842 4065 ta,
855 4004 959 4067 ¹juncta.
993 4004 1062 4052 Nam
1086 4006 1126 4052 ita
1145 4013 1174 4052 et
1194 4004 1285 4052 Cesar
1304 4005 1337 4053 Β.

231 4074 382 4123 commodus
401 4075 593 4136 obversaretur,
608 4077 763 4140 Pergamum
804 4082 860 4130 Civ.
873 4094 904 4129 ιι.
915 4085 956 4130 29.
967 4081 1016 4129 ‘In
1029 4080 1121 4130 castris
1134 4080 1254 4129 Currionis
1266 4096 1336 4144 mag·

229 4151 378 4201 concessit!
395 4152 472 4202 Gelli.
505 4153 674 4218 Obsematique
686 4155 764 4204 etlam
802 4169 851 4205 uns
868 4156 980 4204 omnium
999 4155 1106 4205 incessit
1123 4154 1227 4205 timor:’
1245 4169 1295 4205 non
1310 4156 1337 4205 iss

232 4227 296 4276 [ror.
309 4226 433 4291 quinque,
451 4229 520 4277 Hau.
538 4238 566 4278 et
584 4229 692 4278 Hesrnii
710 4230 764 4279 Ox·
801 4238 888 4282 costra.
915 4232 981 4281 Milii
992 4231 1071 4281 etism
1083 4245 1134 4280 non
1147 4231 1269 4294 displicet
1283 4233 1336 4280 unl-

230 4316 290 4353 oun.
312 4304 427 4355 sollemni
448 4319 546 4370 errore,
567 4321 599 4355 ex
622 4307 764 4372 transposi-
801 4314 898 4371 gutum,
913 4307 981 4373 qnod
999 4309 1025 4357 in
1043 4307 1230 4357 nliismeorum
1247 4321 1336 4372 snper-
