2975 4950
273 338 382 407 must
619 352 727 405 nore
754 350 958 403 vaurouuu
983 351 1025 399 ru

273 501 440 561 suscendum,
468 496 647 562 Mogrrutiuos,
666 494 806 547 Gerticos·
845 494 904 544 Pal.
922 498 947 544 1.
965 494 1003 543 Μ.
1020 492 1140 543 Sillonm
1156 506 1210 551 curn
1230 491 1265 542 Χ.
1283 490 1374 541 miliinu

273 593 332 628 uum
348 579 403 641 jum
424 576 523 640 pridem
546 576 643 622 lectum
666 578 717 621 est.
748 571 806 621 Lib.
844 569 958 632 militum,
986 568 1124 632 quingentis
1156 567 1274 630 equitibus
1303 568 1374 618 enuit.

273 668 344 706 xxx.
356 670 416 718 cap.
428 658 469 703 21.
486 660 494 684 1
504 651 583 704 Quod
601 649 704 699 solliciti
721 657 806 706 eraut,
844 648 930 698 Geblr.
964 647 1026 696 Pul.
1044 662 1096 695 cam
1112 646 1314 709 ueeemitiuauplne
1323 647 1375 695 mil·

272 734 341 782 omui
354 732 416 781 belli
427 730 494 780 mole
507 730 533 777 iu
545 741 622 777 rursum
637 726 699 775 belli
712 723 805 774 ducem
843 722 905 772 libus
915 723 1026 787 militum,
1039 723 1165 785 equitibus.
1184 722 1249 782 Reg.
1260 723 1335 772 Voss.
1346 729 1375 772 et

272 807 407 872 inclinatu,
425 820 477 870 quo
494 818 602 854 evasura
619 808 691 851 esset
704 799 762 850 res?
777 802 807 850 J.
844 798 912 848 Pall.
923 814 987 849 unsre
997 814 1050 848 curn
1064 801 1143 848 decem
1157 798 1262 846 millibus
1272 813 1312 847 sea
1322 800 1374 861 plus

272 883 393 933 F0Gron.
428 884 550 938 Quantum
568 878 594 927 in
611 877 686 927 ltalia
703 877 803 927 inclina·
842 875 954 925 utilitum
980 876 1054 925 Men.
1072 890 1125 924 eam
1144 873 1313 924 muitum
1321 875 1374 938 plus

270 965 337 1009 uerat
350 958 405 1009 belli
417 959 483 1008 Rec.
507 961 620 1021 quantun
636 954 663 1003 ite
678 953 805 1003 Ituliutie·
842 957 956 1005 rnilitum.
984 956 1070 1005 Etiam
1082 970 1123 1003 seu
1132 955 1191 1017 plus
1202 961 1311 1017 uterque
1322 954 1374 1004 Pe·

268 1035 398 1085 tlinunerat
421 1034 476 1084 belli
498 1033 570 1087 Flet.
592 1030 658 1079 Lor,
680 1030 804 1094 quinque,
843 1032 1137 1095 tariauus,sednrilitusn
1148 1030 1248 1079 melior.
1269 1030 1374 1080 Pabul-

269 1113 334 1163 Ber.
346 1112 455 1164 Gaertu.
469 1117 495 1160 et
508 1107 618 1159 Hearuii
629 1107 665 1156 1).
676 1105 720 1172 qai
729 1121 804 1170 quun·
842 1117 892 1172 ter,
902 1127 954 1160 eum
967 1111 1003 1161 Χ.
1015 1109 1110 1160 milibus
1119 1108 1231 1169 militurn,
1239 1108 1375 1172 quingentis

267 1194 320 1238 tant
332 1190 359 1238 in
373 1189 445 1239 ltalia
459 1185 622 1236 declinauerat
638 1197 677 1233 res
692 1183 748 1232 belli
765 1183 804 1231 io·
840 1186 967 1251 equitibus.
1000 1185 1094 1236 Scribe
1109 1192 1211 1234 resecta
1230 1199 1281 1233 uua
1297 1184 1376 1235 litera

269 1267 342 1317 seuit
354 1269 380 1315 in
392 1267 422 1316 1..
438 1269 462 1314 l.
479 1269 594 1328 quantum
613 1262 639 1311 in
656 1260 754 1310 ltaliam
763 1262 804 1310 cle·
841 1264 982 1327 paucisque
990 1263 1106 1326 epicibus
1116 1261 1223 1311 mutatis
1234 1275 1267 1309 ex
1276 1262 1375 1324 optimo

266 1343 398 1394 elinuneral
408 1342 472 1402 belli,
485 1348 514 1390 ut
527 1340 643 1390 Gronov.
654 1347 727 1387 recte
738 1340 803 1388 seri·
840 1341 880 1390 M.
892 1341 1002 1391 Silenum
1014 1337 1067 1390 cern
1077 1341 1155 1388 elecem
1165 1338 1228 1386 baud
1236 1339 1291 1401 plus
1301 1338 1375 1387 milli·

267 1420 380 1471 besuam
388 1420 513 1485 conjecit,
522 1418 597 1469 Harl.
608 1415 803 1466 Homer-Hesu-
840 1420 884 1469 bue
892 1422 1006 1475 militant.
1025 1420 1141 1484 equitibus
1151 1419 1289 1482 quingentis
1299 1418 1375 1471 misit

267 1499 304 1548 11ἰί
317 1499 349 1549 Ν.
367 1500 469 1549 declinat
484 1497 511 1545 t'n
529 1494 637 1550 1111111111.
655 1507 750 1556 nempe
770 1492 802 1542 ab
841 1498 933 1562 Vides,
944 1512 1020 1564 quam
1034 1499 1105 1547 nullo
1114 1505 1205 1546 coactu
1217 1510 1248 1543 ex
1260 1495 1324 1544 liano
1336 1494 1375 1544 fe·

267 1575 414 1638 Hispaniis,
434 1573 526 1623 eodem
543 1572 619 1621 modo
637 1570 737 1621 dietum
753 1578 803 1633 est,
839 1576 950 1626 cerimus
972 1576 1045 1625 baud.
1077 1574 1138 1634 Vel,
1160 1574 1240 1622 wem
1260 1571 1374 1635 amplias,

263 1665 318 1715 quo
330 1654 337 1680 ⁶
348 1651 454 1701 avotare
471 1647 596 1706 Romam,’
608 1661 703 1712 nempe
719 1662 802 1698 acas·
840 1661 871 1704 ut
881 1669 938 1719 cap.
949 1670 1005 1719 seq.
1021 1661 1028 1682 ⁴
1041 1655 1102 1704 Duo
1114 1651 1182 1701 barud
1195 1651 1304 1714 amplius
1317 1649 1376 1699 mit·

265 1727 330 1790 tris3
349 1728 381 1777 cle
394 1742 444 1791 quo
456 1726 516 1776 vide
527 1725 559 1776 sd
572 1739 591 1775 1.
601 1730 641 1776 ol.
651 1727 664 1790 ς
676 1729 701 1777 8.
710 1727 718 1754 ⁴
727 1740 802 1774 urer-
839 1731 874 1780 liu
886 1730 1021 1795 peditum!
1048 1731 1178 1780 Craterum
1189 1737 1216 1778 et
1227 1727 1270 1777 bic
1278 1741 1375 1776 uorum

265 1813 322 1854 tere
335 1804 378 1855 iu’
390 1806 431 1854 rel
442 1812 450 1835 ‘
461 1804 494 1853 ad
511 1818 538 1853 se
549 1804 571 1864 ;'
588 1804 620 1852 de
632 1819 683 1867 quo
696 1802 755 1853 vide
768 1802 801 1852 ud
836 1808 921 1858 *visum
935 1816 973 1857 est
987 1806 1195 1870 corruptoribus,
1207 1805 1309 1867 equites
1321 1818 1375 1853 uon

263 1896 306 1931 vr.
317 1886 359 1931 tl.
371 1883 387 1946 q
398 1886 423 1931 8.
439 1881 448 1909 ⁴
461 1895 581 1931 amovere
598 1882 623 1929 iu
637 1880 727 1929 ultima
740 1881 800 1930 His-
838 1887 912 1933 esse‘
925 1882 1039 1944 milltee,’
1050 1891 1127 1946 atque
1138 1881 1184 1930 bos
1195 1881 1227 1930 ab
1237 1881 1288 1929 illis
1298 1893 1376 1943 sepa·

263 1959 364 2023 psuiae’
384 1972 477 2024 xxnst.
492 1963 533 2008 20.
554 1960 568 2022 q
586 1964 611 2008 5.
634 1958 800 2007 ‘Decliuare
839 1961 900 2010 rari.
932 1961 1023 2011 Caesar
1034 1960 1067 2009 de
1079 1960 1112 2008 Β.
1123 1958 1193 2008 Gall.
1202 1972 1230 2007 u.
1241 1961 1265 2007 7.
1288 1956 1377 2006 ‘ido-

264 2034 296 2083 ad
316 2033 430 2099 aliquld’
449 2033 714 2084 diutinumque.
738 2032 800 2083 ‘Ab
837 2052 914 2086 neam
935 2041 1119 2102 tempestatem
1143 2043 1247 2095 nactus,
1270 2034 1378 2094 milites,

263 2112 413 2161 auctoribus
426 2112 528 2175 injuriae
543 2110 575 2160 ael
594 2110 711 2161 vindices
728 2109 800 2161 futu·
836 2115 951 2179 equites,
980 2115 1155 2165 conscendere
1178 2127 1258 2161 nares
1279 2110 1380 2175 jubet?

262 2203 306 2239 ros
329 2189 481 2245 declinant?
510 2202 613 2240 xxxix.
635 2192 677 2239 77.
699 2189 800 2239 ‘Viam
835 2192 940 2243 Ibidem
961 2207 1020 2256 cap.
1039 2195 1078 2241 to.
1094 2190 1257 2251 ‘Tripartito
1276 2188 1377 2238 milites

262 2282 389 2333 nusquam
427 2269 459 2318 ad
494 2283 566 2318 mure
599 2268 801 2319 declinantem'
836 2268 990 2332 equitesque
1014 2270 1040 2317 lo
1064 2266 1258 2331 esperlitiouem
1285 2264 1378 2315 misit!

262 2346 369 2397 Quinct.
389 2345 477 2396 instit.
496 2359 547 2395 vu.
557 2349 583 2396 1.
608 2342 671 2394 'Ad
691 2344 736 2394 illu
753 2345 799 2395 de·
837 2344 1039 2397 bibracte.
1063 2346 1142 2395 ‘Hos
1159 2344 1291 2393 subsecuti
1303 2343 1378 2393 calo·

262 2422 411 2473 elinandum
432 2429 483 2488 cst,
500 2436 550 2471 uon
573 2421 605 2471 de
625 2421 675 2470 boc
695 2421 798 2487 quassi?
832 2435 883 2470 -uas
903 2420 1058 2487 equitesque
1075 2421 1165 2470 eodem
1187 2421 1287 2484 impetu
1307 2420 1379 2469 ruili-

262 2510 315 2548 ιιι.
325 2502 349 2548 8.
366 2505 374 2529 ·
387 2500 539 2566 Desperare
554 2497 680 2549 facultate
692 2500 799 2563 agendi,
832 2497 1268 2550 tumrirtuteserrantur.’v11.28.
1279 2498 1379 2547 ‘Pars-

244 2573 296 2624 ’πᾶ
308 2574 460 2625 discendum
469 2577 514 2640 jos
526 2576 744 2628 declinaverunt:
835 2590 886 2639 que
906 2574 955 2636 ibi,
966 2590 1045 2640 quum
1065 2585 1175 2639 augusto
1193 2575 1264 2624 exitu
1285 2575 1377 2637 por'ta·

237 2716 240 2721 ,
294 2653 336 2715 §²
353 2654 388 2701 Et
405 2654 540 2718 Hispanias
557 2668 586 2703 eu
604 2660 746 2717 tempestate
764 2656 798 2703 eie
835 2665 891 2700 rum
912 2666 942 2701 se
960 2651 1011 2716 ipsi
1029 2657 1186 2714 premerent,
1202 2665 1217 2698 a
1235 2649 1379 2712 militibus,

259 2728 376 2780 habebunt
397 2730 513 2794 Romani]
541 2731 599 2781 Pul.
620 2736 644 2781 1.
669 2731 798 2796 Hispania
836 2742 895 2790 puts
911 2726 1377 2791 jamegressaportisabequitibus

262 2819 290 2855 eu
310 2811 382 2870 temp.
401 2808 474 2870 mgna
493 2808 547 2859 bui.
571 2808 685 2857 Romani.
711 2808 797 2859 Gabb.
834 2804 992 2856 interiectu?
1021 2807 1063 2856 De
1075 2806 1173 2855 Ciuis.
1182 2808 1225 2854 tu.
1241 2804 1378 2868 ‘Equites

261 2883 327 2934 liele
344 2886 378 2933 ab
394 2884 469 2935 initio
488 2886 673 2949 copulativam,
693 2900 751 2949 quae
770 2885 796 2935 iu
834 2882 960 2945 perpauci
972 2896 1004 2931 eu
1022 2883 1113 2944 psoello
1124 2897 1152 2930 se
1164 2882 1305 2946 recipiunt,
1324 2883 1379 2932 mi-

252 2960 331 3011 vnullo
343 2961 414 3012 Gall,
426 2975 509 3026 neque
520 2962 596 3012 Voss.
606 2962 684 3011 autin
695 2962 796 3024 optimo
833 2958 894 3009 lites
906 2958 941 3008 ud
958 2973 1037 3008 uarum
1054 2973 1144 3009 omues
1161 2958 1380 3009 interficiuntur?

258 3037 652 3102 Pal.reperitur,.l.F.Gron.
686 3038 796 3087 EtHis·
832 3039 931 3087 nuti.
960 3035 1066 3087 ‘Quum
1079 3035 1129 3099 ipsi
1142 3035 1378 3084 uumeromilitum

256 3115 345 3177 punias
358 3130 387 3164 eu
401 3120 471 3179 temp.
487 3114 523 3164 sic
538 3114 593 3164 bui.
610 3114 715 3164 Rotnani
730 3114 795 3164 Lus.
832 3114 1001 3180 equitumque
1014 3111 1189 3177 prestarent!
1212 3113 1314 3163 Noster
1327 3113 1388 3164 libe

258 3197 283 3242 t.
295 3198 320 3242 ὅ.
334 3192 396 3242 Ber.
408 3193 520 3243 Gaeetu.
531 3198 560 3242 et
572 3190 681 3241 Heamii
692 3193 729 3243 D.
763 3193 795 3242 In
828 3207 914 3257 prae.
931 3207 955 3241 c.
966 3196 1008 3242 38.
1029 3199 1037 3223 ‘
1049 3192 1121 3242 Octo
1138 3191 1219 3240 millia
1237 3191 1378 3255 Hispano·

260 3267 384 3331 Hispania
394 3283 422 3318 eu
439 3272 511 3331 temp.
530 3268 602 3328 neno
618 3267 674 3318 laub.
689 3268 795 3319 Romani
832 3281 888 3317 ruua
911 3267 1100 3333 Gallorumque
1117 3274 1146 3317 et
1166 3268 1217 3317 ‹luo
1237 3269 1319 3317 millia
1338 3269 1378 3320 de

256 3344 512 3395 Laurentum.
539 3343 795 3408 Hispaniaseelenp.
831 3344 936 3408 legione
948 3345 1069 3405 militum,
1079 3345 1196 3409 equitum
1209 3345 1299 3396 mille!
1326 3346 1379 3398 ste

256 3421 467 3472 uinculumque
478 3422 561 3472 ceteri
571 3421 631 3479 mei,
641 3436 698 3471 cum
709 3421 793 3472 Hear-
830 3421 934 3471 &aleas
962 3422 1073 3471 ἱππεῦσιν
1100 3431 1236 3485 opponam
1269 3420 1378 3473 Greci.

251 3497 295 3546 ‘uli
309 3498 339 3547 L.
353 3502 376 3547 1.
389 3508 415 3548 et
429 3501 453 3549 N
832 3497 904 3548 Plut.
917 3499 942 3546 iu
955 3498 1056 3562 Agesll.
1068 3491 1093 3561 ρ.
1105 3502 1164 3549 61111.
1187 3496 1233 3547 Kal
1244 3496 1379 3554 συνέβαινε

289 3577 332 3640 §t
350 3576 425 3625 Brenn·
444 3591 557 3639 magnum
574 3576 792 3627 leoninumssnurne·
829 3574 1009 3638 τῷἈγισιλόφ
1023 3574 1090 3637 ταχὺ
1102 3574 1258 3625 vomuisset
1269 3584 1379 3635 πολεμι-

255 3666 309 3701 rum
320 3653 450 3718 armasset]
470 3655 610 3703 Esemtum
625 3662 666 3705 est
679 3655 792 3704 vocabu·
830 3653 885 3705 noir
902 3653 971 3718 ἔχειν
989 3654 1067 3704 imis
1086 3652 1140 3702 eret
1159 3656 1235 3717 ψιλῶν
1252 3650 1378 3705 ὁπλιτῶν.

248 3730 307 3778 lum
320 3729 508 3780 bominumPal.
521 3734 544 3780 1.
564 3731 640 3781 Gebb.
673 3733 735 3782 Nou
747 3731 794 3781 ad·
833 3733 927 3797 Neque
936 3732 1014 3781 aliter
1024 3731 1171 3780 exercitum
1183 3731 1309 3794 equitatui
1321 3746 1378 3795 op-

174 3823 175 3830 *
255 3813 332 3869 paret
343 3799 423 3855 etiam
443 3807 469 3855 lu
490 3807 560 3856 Flos.
578 3808 641 3858 Lon.
654 3812 679 3857 l.
690 3812 716 3857 1.
725 3812 751 3857 8.
764 3815 793 3858 et
829 3814 940 3872 ponunt.
957 3807 1046 3858 Cesar
1058 3806 1128 3858 Gall.
1140 3819 1171 3855 ιι.
1184 3810 1223 3857 11.
1240 3807 1377 3856 ‘Exerci-

255 3882 325 3933 Har.
343 3899 589 3946 magnumnumcrum
597 3886 716 3937 bominum
727 3889 792 3953 legit
829 3891 883 3934 tum
901 3884 1099 3948 equitatumque
1115 3883 1208 3932 castele
1220 3883 1379 3933 continuit!

256 3960 365 4010 Gaerto.
697 3966 702 3972 “
829 3962 846 4012 1.
855 3974 906 4011 vus.
917 3965 992 4011 abl.
1009 3960 1163 4010 ‘Exercitus
1173 3961 1380 4027 equitatusque,

244 4048 248 4055 '
272 4039 328 4102 ,qb
347 4039 385 4087 Μ.
398 4039 508 4089 Silanum
526 4055 579 4090 cum
597 4042 676 4090 decern
687 4041 792 4091 millibus
825 4037 961 4103 equitibus
975 4037 1099 4087 Romanis
1113 4036 1378 4102 admipisteantibus,

251 4113 368 4176 peditum,
374 4115 492 4177 equitibus
499 4118 635 4180 quingentis
644 4118 721 4181 nisit]
731 4119 792 4168 Pul.
829 4133 894 4183 quos
906 4118 930 4166 ei
943 4118 1051 4180 negotio
1063 4114 1231 4180 prefecerat,
1241 4117 1379 4167 celeriter

254 4193 278 4241 1.
298 4190 336 4237 Μ.
348 4189 466 4240 Slllunnsu
484 4206 536 4241 eernr
553 4195 632 4244 eieeesn
643 4194 739 4243 milibus
750 4209 790 4244 sea
829 4193 1273 4246 treusmitlltur.’Nosterxxxsbb.
1284 4193 1377 4244 ‘Para

251 4266 426 4331 plasmililnm,
435 4268 554 4332 equititum
568 4271 705 4334 quingentis
715 4271 790 4323 misit.
828 4271 959 4324 exercitus
970 4286 1027 4323 cum
1037 4273 1106 4321 omui
1115 4268 1254 4336 equitatu.'
1269 4282 1314 4322 ιι..
1324 4273 1377 4320 82.

1018 4396 1035 4426 4
