2975 4950
271 306 381 373 1025ss
621 320 731 372 norn
755 323 959 373 viltronum
987 325 1026 374 ru

266 476 379 531 pressum
395 460 487 517 referri
508 464 541 517 ad
564 463 723 518 ‘eouilaturo
749 465 805 516 bel·
845 465 1138 530 quorsumnam.
1173 465 1275 517 Contra
1288 468 1400 517 Pam

271 542 345 593 lum?
386 544 484 593 Lector
499 543 615 608 judicet,
637 557 698 592 nuru
720 543 807 592 oratio
844 549 925 592 rostro
942 542 1237 602 iumjorteorlsoeiorum
1248 544 1356 592 animos
1378 544 1402 592 ir

272 620 336 678 hiet,
349 621 392 670 cui
403 621 498 670 deesse
508 620 606 685 aliquid
618 620 806 684 propemodum
846 619 943 669 Baetr'ca
964 620 1125 670 conflandos.
1159 620 1218 669 Pal.
1237 625 1264 669 2.
1286 621 1402 670 Poenm

271 698 332 746 milri
345 696 479 761 persuasi:
497 697 760 762 quirlam'oppressrrnt
771 697 809 745 le·
847 700 896 744 tarsu
907 701 987 744 eostm
1003 701 1054 745 tum
1063 696 1131 755 forte
1147 696 1173 744 ia
1188 696 1287 745 Boetiro
1297 699 1335 745 od
1346 711 1401 745 soe

273 779 347 836 gunt.
367 773 438 825 Glor.
471 774 539 824 Pall.
560 785 614 823 tres
632 775 756 838 ingerunt
767 788 809 837 op·
845 771 1009 821 aar'moaeont.
1027 772 1112 821 Gebh.
1142 772 1249 834 Mirum,
1261 774 1288 821 ui
1300 774 1402 822 aliens

270 865 354 914 presso
370 857 437 902 croi:
456 860 533 902 retus
545 852 586 902 erl.
598 866 735 915 oppressum
747 858 810 901 erui.
846 846 976 897 babuerit.
1009 848 1101 898 Nostri
1113 850 1211 906 Poesss,
1222 864 1298 912 itm
1306 856 1402 898 costra

275 926 362 976 Gebh.
394 928 498 977 Crimen
515 928 651 976 ridiculum
669 927 810 989 editorum,
846 930 899 974 tum
909 926 1019 986 sorreoo
1030 926 1154 984 meierum,
1172 940 1223 976 nou
1235 941 1299 984 ηας
1319 928 1402 991 qrroo

274 1002 320 1067 qui
338 1017 389 1051 nou
411 1004 664 1063 animadverterunt,
682 1019 732 1054 uec
751 1018 810 1054 seu·
848 1003 960 1053 mutarit
981 1004 1130 1052 Rhenanus.
1172 1003 1264 1052 Scribe
1290 1004 1402 1059 Poemts

273 1094 331 1130 eoru
351 1095 400 1130 ure
418 1081 604 1144 grommntioeo
623 1079 703 1138 ferre,
724 1088 753 1130 ut
768 1096 809 1144 op·
848 1078 889 1140 qui
909 1085 989 1129 castro
1009 1085 1061 1128 tum
1075 1079 1152 1137 forte.
1170 1079 1198 1131 J.
1216 1081 1246 1128 F.
1265 1079 1402 1128 Gronov.

271 1162 391 1219 presserat
400 1157 456 1205 siue
465 1171 526 1206 easu
536 1157 677 1206 accusandi
688 1165 809 1221 ponatur.
848 1155 936 1204 Verbo
948 1157 997 1205 boo
1011 1156 1102 1205 ordine
1118 1157 1205 1220 posito
1218 1156 1402 1205 obscuritate

275 1233 384 1294 Repone
396 1247 428 1282 ex
442 1234 502 1283 Put.
514 1233 587 1282 Meu.
600 1234 684 1283 tribua
694 1234 810 1296 Palbop·
850 1234 972 1282 nouuollu
984 1234 1112 1282 laborant.
1145 1234 1210 1283 Eam
1219 1235 1293 1283 tollit
1303 1233 1402 1297 serip-

272 1325 355 1374 presm
366 1315 429 1361 erut.
445 1311 529 1360 Vetus
541 1309 584 1361 ed.
596 1325 732 1375 oppressum
742 1315 810 1360 erotr
849 1316 910 1358 toro
921 1310 1056 1371 librorum,
1067 1310 1110 1374 qui
1128 1310 1225 1359 hubent
1243 1309 1271 1358 iu
1288 1309 1402 1359 Boetico

275 1386 345 1451 qood
364 1395 439 1451 putat
457 1387 604 1437 Glareanus
623 1386 717 1438 referri
734 1401 811 1452 posse
848 1386 1191 1437 rossemannum
1205 1387 1269 1452 fide.
1316 1387 1402 1437 Vide

276 1463 309 1511 ad
328 1462 486 1513 ‘conflatum
506 1463 621 1514 bellum!
654 1465 727 1515 Idrur
746 1466 811 1514 alte·
849 1463 1003 1512 Heoruium.
1020 1463 1089 1513 Drlr.
1124 1464 1213 1514 Castro
1223 1462 1350 1524 suasorie
1362 1465 1402 1512 ad

276 1541 329 1590 rios
341 1542 555 1607 lectionis‚qoam
565 1557 611 1592 nos
619 1542 749 1607 dedimus,
757 1558 810 1592 me·
849 1555 896 1588 reo.
907 1543 999 1590 oaimos
1011 1541 1073 1590 Iov.
1089 1544 1114 1598 3.
1132 1541 1195 1591 Ber.
1206 1541 1272 1591 Res.
1283 1546 1314 1589 et
1326 1538 1402 1588 edd.

275 1618 361 1680 minii,
379 1626 467 1668 taureu
487 1619 527 1667 vir
548 1619 630 1669 bonus
646 1619 724 1683 jubet
738 1620 810 1684 judi·
849 1627 910 1666 ante
922 1617 1035 1666 Alduru:
1052 1622 1133 1667 rostro
1148 1624 1199 1666 taut
1215 1618 1247 1666 orl
1264 1631 1315 1666 seo·
1333 1616 1399 1666 oui·

276 1708 338 1744 care
353 1695 489 1753 lectorem,
506 1710 568 1744 nuru
585 1697 668 1745 orario
687 1696 752 1759 hiet,
769 1697 811 1746 eui
849 1710 899 1744 suos
910 1695 980 1745 Har.
1006 1702 1085 1746 restro
1095 1695 1262 1756 temjorteod
1272 1693 1399 1744 samoni-

275 1772 369 1822 deesse
378 1773 683 1838 aliquid‚propemodum
693 1775 742 1824 sibi
752 1789 812 1838 per·
849 1773 1126 1822 moeceterirueioum
1138 1772 1247 1822 Hearnii
1263 1773 1299 1821 N.
1334 1785 1396 1819 eae

276 1851 397 1899 arraserit.
412 1852 441 1898 J.
456 1850 486 1899 F.
501 1851 608 1901 Gronov.
644 1853 813 1916 oppresserat,
850 1855 891 1898 tro
910 1855 961 1899 tem
974 1851 1043 1911 sorte
1063 1850 1095 1899 ori
1115 1850 1205 1912 elium!
1224 1863 1272 1898 sor.
1292 1847 1397 1901 animos

276 1926 346 1989 quod
364 1927 461 1976 crirueu
475 1926 611 1976 ridiculum
624 1929 753 1978 editorum
768 1945 813 1980 vo·
851 1927 961 1976 Hearm'l
973 1927 1004 1976 1..
1016 1931 1039 1976 l.
1081 1927 1186 1977 Deinde
1196 1927 1223 1975 iu
1233 1931 1297 1975 terto
1308 1925 1397 1973 couti·

276 2009 320 2052 cat
335 2002 451 2053 Gronov.
464 2018 536 2053 error
548 2012 588 2054 est
600 2019 748 2067 operarum,
759 2008 812 2071 pri·
849 2007 938 2054 nendos
949 2004 1067 2054 Haverlr.
1092 2004 1120 2052 iu
1138 2003 1212 2053 Utica
1228 2002 1396 2052 remittendos

276 2084 346 2127 mum
358 2080 510 2129 commissus
523 2081 549 2129 iu
561 2081 603 2129 ed.
616 2081 729 2130 Froben.
740 2087 814 2132 1535.
851 2080 961 2129 Hearuii
974 2081 1004 2129 L.
1017 2086 1041 2131 1.
1076 2080 1167 2130 Primo
1181 2081 1309 2143 scriptum
1328 2078 1392 2126 fue-

277 2158 458 2220 et'nreliqois
470 2158 613 2208 editoribus
631 2169 752 2209 servatus
771 2175 813 2209 us.
851 2162 893 2204 rot
910 2159 937 2205 iu
959 2156 1045 2206 Vesica
1061 2155 1179 2205 sollemni
1198 2156 1335 2205 literarum
1350 2154 1391 2201 Β.

277 2247 328 2296 qne
350 2234 382 2282 ed
403 2234 520 2284 Gronov.
554 2235 597 2285 lte
619 2239 699 2286 eriam
719 2237 811 2287 scribae
850 2239 879 2281 et
893 2232 922 2282 V.
935 2233 1146 2288 commutatione,
1163 2231 1196 2280 de
1214 2239 1265 2295 ursa
1282 2230 1389 2278 dietrrm

276 2318 398 2360 errarunt
410 2312 435 2360 in
446 2312 510 2361 Lov.
522 2315 547 2362 i.
557 2315 583 2361 1.
595 2320 623 2361 et
635 2313 702 2362 Rec.
734 2314 811 2362 Simi·
850 2316 892 2356 est
909 2308 942 2357 od
957 2323 983 2357 v·
995 2311 1060 2374 24.§
1073 2317 1098 2359 5·
1115 2309 1141 2357 id
1161 2318 1247 2359 sutem
1266 2311 1293 2356 in
1308 2308 1390 2357 Utica

276 2388 337 2437 liter
349 2395 434 2437 autem
452 2403 522 2451 saepe
544 2391 683 2450 peccarunt
705 2391 813 2442 librarii.
850 2396 1018 2446 torrumpere
1030 2398 1137 2446 pronum
1149 2393 1210 2433 est..
1236 2385 1321 2439 Recte.
1332 2384 1387 2431 eti·

277 2463 347 2513 Vide
367 2463 399 2513 ad
419 2466 633 2530 xxrss.29.§1o.
669 2468 813 2531 Oppressum
850 2478 890 2512 aru
910 2465 1041 2526 Sigomt‘u
1059 2466 1163 2530 Botion,
1182 2465 1309 2530 quomodo
1329 2480 1386 2514 uon

277 2547 329 2591 erut
342 2542 433 2604 legunt
448 2542 507 2590 Ber.
519 2558 533 2590 n
546 2558 578 2593 rn.
598 2560 637 2606 pr.
658 2551 685 2593 et
701 2546 812 2596 Gnerrn.
850 2540 1022 2592 modoGraeci
1034 2544 1160 2603 scribunt,
1169 2544 1215 2591 sed
1227 2557 1314 2592 omues
1326 2542 1387 2590 sere

278 2632 336 2666 eum
357 2616 418 2668 edo.
434 2618 615 2680 principibus3
635 2634 683 2682 pro
700 2635 751 2684 quo
767 2620 813 2669 de..
851 2616 950 2678 lapides
962 2617 1124 2672 literatunisi
1137 2617 1204 2681 quod
1215 2618 1241 2666 iu
1251 2632 1301 2665 uno
1311 2617 1384 2679 opud

277 2709 347 2742 urum
364 2708 474 2757 oppresso
490 2700 545 2744 suot
565 2694 648 2745 Aldus
666 2696 813 2759 substituit,
851 2692 930 2743 Grut.
942 2707 1063 2743 cuxttrr.
1074 2700 1099 2745 4.
1112 2697 1146 2745 sit
1157 2708 1292 2744 nunionis.
1325 2696 1384 2744 De·

277 2770 449 2834 probantibus
460 2771 567 2836 reliquis
575 2772 649 2836 meis,
657 2780 684 2823 et
693 2774 814 2823 omnibus
850 2770 1003 2832 niquesorte
1013 2772 1039 2819 in
1052 2772 1148 2821 Ratira
1163 2775 1195 2821 orl
1205 2771 1318 2820 sociorum
1328 2772 1386 2819 oui·

278 2846 389 2897 Hesruii
403 2848 516 2899 Onoun.=
739 2881 743 2887 ·
850 2862 910 2911 uros,
928 2855 1030 2899 mutato
1049 2850 1183 2898 verborum
1201 2850 1302 2909 ordine,
1320 2847 1383 2897 edd.

310 2925 325 2988 ς
343 2928 374 2973 lt
390 2923 420 2973 Si
431 2923 550 2984 uibiijruu
560 2925 633 2974 elium
642 2926 692 2988 ipse
699 2929 814 2977 essetsa-
851 2925 934 2974 Busll.
945 2923 1018 2975 1151.
1039 2933 1067 2975 et
1080 2926 1189 2989 Sigonii,
1199 2941 1262 2991 quas
1273 2928 1382 2976 aliorum

278 3002 321 3066 slo]
339 3002 403 3050 Vet.
415 3002 460 3050 lib.
470 3003 493 3050 si
502 3003 564 3051 nibil
575 3016 626 3051 eam
637 3003 688 3066 ipse
698 3002 813 3054 eructua-
852 3000 890 3049 ita
901 3001 1042 3065 legentium
1051 3004 1155 3051 uomiue
1164 3001 1288 3052 iudicavit
1297 3001 1382 3051 Hear-

229 3069 232 3073 ’
278 3080 317 3126 rio.
335 3078 425 3143 Sigon.
461 3079 814 3144 l'irmuutuostri‚quod8i·
853 3078 920 3127 nius.
954 3078 1052 3129 Omnes
1064 3080 1134 3127 euim
1145 3080 1237 3142 scripti
1249 3069 1277 3128 et
1288 3079 1380 3142 reliqui

280 3154 383 3217 gonirss,
393 3155 416 3203 si
426 3153 488 3204 nibil
499 3170 551 3205 eom
561 3157 610 3219 ipse
621 3161 755 3208 mactando
764 3174 813 3207 rue·
852 3154 942 3204 excusi
955 3155 1060 3217 irrigato
1072 3155 1154 3204 ordini
1164 3156 1303 3205 adbaerent.
1334 3155 1381 3204 Al·

277 3236 348 3279 rarus
366 3236 435 3281 esser.
452 3233 480 3284 J.
494 3232 524 3281 F.
540 3234 657 3286 Gronov.
689 3238 815 3287 Similiter
852 3238 938 3280 tarum
951 3238 1037 3280 tamen
1057 3231 1152 3281 elarius
1169 3247 1224 3282 esse
1236 3246 1320 3280 veron
1333 3246 1379 3293 pu-

279 3309 610 3359 lsutomuouomuesmel
628 3315 686 3361 noui
703 3313 814 3364 Hearnii
852 3314 888 3357 ¹⁰·
922 3307 987 3356 M⁰¹
1002 3312 1027 3356 ³²
1039 3307 1121 3371 sm,
1132 3323 1201 3371 ⁹⁰⁰⁸!
1212 3308 1379 3357 11111118Μο

280 3384 311 3433 1..
326 3388 389 3433 l.et
402 3385 436 3433 N.
853 3382 953 3432 Lonl.
986 3382 1038 3431 Sed
1051 3384 1217 3447 reliquinibil
1229 3391 1335 3433 molant.

313 3462 326 3524 ξ
345 3465 376 3510 15
394 3461 495 3517 Poenus,
506 3478 578 3525 quom
589 3470 670 3514 rostro
687 3469 738 3514 ium
745 3467 814 3527 sorte
884 3463 945 3525 §16
962 3461 1377 3523 Celmmquvfldcoulintt'tttlex·

280 3539 312 3586 aul
323 3538 440 3586 sociorum
451 3539 541 3587 animoa
550 3540 577 3587 iu
589 3540 676 3608 Beir'oo
692 3541 814 3596 contines·
851 3537 959 3597 ercitum,
967 3538 1114 3602 propositum
1129 3537 1189 3586 bello
1204 3553 1230 3587 se
1239 3538 1294 3598 sore
1303 3542 1376 3593 rotat,

280 3616 323 3663 rios
334 3614 419 3679 infide
430 3613 538 3679 luberet]
563 3615 756 3666 Auctoritatem
774 3631 815 3666 se·
852 3618 978 3674 oaieqnnm
987 3612 1056 3672 freto
1077 3612 1158 3661 Gades
1167 3613 1296 3673 troiirerrt,
1310 3627 1375 3662 exer·

257 3707 260 3714 ⁴
280 3693 335 3741 euti
348 3693 400 3740 Me.
412 3691 509 3741 codicis
520 3692 557 3740 sio
571 3693 747 3743 restituimus:
760 3693 815 3743 Por·
852 3690 925 3739 rr'ium
936 3704 1027 3739 omnent
1037 3690 1126 3753 possim
1136 3691 1162 3739 ἑτι
1170 3688 1376 3753 ciuitatesrlim'sit]

280 3782 334 3823 uos,
343 3783 414 3831 quum
424 3772 505 3817 rostro
514 3768 633 3827 suasorie
650 3771 677 3818 r'u
688 3770 816 3820 Betieoorl
854 3768 881 3816 si
892 3767 949 3831 quis
967 3766 1035 3816 buno
1053 3766 1115 3816 mibi
1128 3769 1211 3816 losum
1222 3768 1374 3831 exposuerit,

280 3846 395 3893 sociorum
412 3844 504 3893 uoimos
520 3848 588 3893 eost.
600 3845 628 3893 iu
639 3845 695 3911 fisis
712 3847 817 3897 baberet.
853 3844 925 3893 illuru
954 3842 1078 3907 OEdlpurn
1102 3845 1214 3893 secabo:
1232 3846 1291 3909 quid
1311 3846 1374 3894 enirn

281 3923 399 3972 Rbeuou.
432 3923 528 3974 Greee
550 3926 630 3974 lern
658 3931 686 3973 et
710 3923 819 3983 Βαιτική.
853 3919 1103 3984 sequitur,quotlad
1121 3922 1372 3971 istarerbaattiuent

283 4002 355 4064 Ergo
376 4000 481 4049 Retico.
504 4001 593 4064 Sigon.
626 4000 699 4050 Nihil
722 4002 749 4050 iu
767 4002 817 4051 boo
853 3996 1251 4061 qsoodeouiiuaisreiexercitom?
1269 3998 1371 4047 Multum

281 4076 406 4136 lectione,
422 4076 469 4124 nisi
482 4076 610 4136 ordinem,
629 4084 714 4125 motet
725 4076 816 4140 Palo,
854 4074 943 4135 miror,
953 4087 1000 4122 cnr
1015 4074 1053 4122 ito
1069 4074 1202 4124 veteribus
1221 4074 1277 4136 illis,
1287 4085 1370 4137 nempe

281 4157 415 4201 oostrosuo
427 4150 496 4211 forts
507 4150 534 4198 ia
544 4151 643 4200 Boetieo
653 4153 684 4200 ori
700 4152 824 4201 sociorum
855 4151 992 4200 Victorino
1008 4150 1148 4217 Feltreusi‚
1164 4149 1321 4207 Petrarobae,
1335 4150 1369 4198 Α·

281 4220 543 4278 out‘ruooeoutt'usudos.
561 4226 614 4276 Sed
623 4228 742 4290 ordinem
753 4242 816 4294 qoo-
853 4228 960 4277 lerieusi
976 4217 1103 4291 pontifici,
1115 4226 1219 4292 quoties
1235 4228 1313 4278 locon
1328 4225 1370 4277 alb
