2975 4950
236 383 346 451 10620
584 397 694 447 nonne
718 396 920 447 venionnu
947 395 989 446 m

236 545 265 598 J.
276 546 305 595 F.
316 544 433 596 Gronov.
465 540 639 607 angotnmsi
652 541 771 591 mussitem
808 539 887 590 etism
911 539 937 590 in
958 541 1035 591 Voss.
1053 541 1119 593 ιον.
1138 545 1164 592 2.
1182 545 1206 595 2.
1227 547 1252 594 t.
1267 549 1293 595 5.
1312 548 1340 596 et

236 622 354 673 smorsri
368 620 482 674 debetur
496 619 540 671 ed.
557 618 636 669 Frob·
654 621 727 667 1335.
743 621 773 666 et
809 617 885 668 Hori.
914 619 1013 670 Contra
1033 620 1169 683 Pomponii
1190 634 1340 684 praenomen

237 713 272 750 ex
283 699 347 749 meio
358 713 409 748 nnn
423 697 473 747 nisi
490 710 579 756 unum,
590 695 635 761 qni
646 691 772 756 snffrogs·
809 695 849 746 Μ.
859 695 961 746 exonist
977 711 993 746 u
1012 698 1075 747 Lon.
1085 701 1109 746 1.
1136 698 1244 755 Verum,
1262 713 1340 762 quum

239 782 293 838 tnr,
304 781 397 826 nsstns
408 781 450 823 est
460 773 525 823 Res.
536 780 629 823 contro
644 771 706 821 siout
721 785 772 820 mo·
808 770 879 825 forte
896 787 944 837 per
961 775 1144 837 compendium
1160 776 1195 830 ist,
1214 789 1263 838 pro
1278 776 1344 840 inde,

237 866 295 901 sere
311 852 403 914 tegunt
415 851 480 901 ιον.
492 853 517 900 1.
532 854 558 900 2.
574 856 603 899 ut
619 848 695 899 Hori·
712 861 770 898 onon
807 851 936 915 seriptum
949 853 1027 907 esset,
1037 853 1121 901 sitem
1131 851 1342 900 uoxsiteromob

238 929 349 984 Heurnii
361 928 393 977 L.
403 932 426 977 1.
450 926 601 977 sioossulem
612 937 772 975 mosersom·
809 927 934 978 ductuum
954 928 1147 979 similitudinem
1166 928 1246 977 elisit.
1278 929 1343 977 Mox

238 1019 286 1055 nes
297 1005 408 1069 reliqui3
422 1018 437 1054 s
450 1018 502 1069 qno
513 1018 564 1053 non
576 1000 700 1053 differunt
710 1000 773 1051 edd.
811 1004 870 1056 cx.
886 1005 975 1055 mamm
986 1006 1063 1055 νοις.
1081 1007 1144 1054 Lon.
1156 1009 1179 1053 1.
1190 1009 1216 1053 2.
1227 1004 1303 1053 Hori.
1315 1010 1343 1053 et

237 1080 285 1131 ills
296 1080 463 1145 psiooss‚nioi
474 1078 542 1146 quod
553 1080 660 1130 ommno
675 1079 772 1144 legant.
809 1082 921 1132 Hesrnii
944 1083 974 1132 L.
991 1087 1015 1132 1.
1035 1089 1062 1131 et
1081 1082 1117 1131 Ν.
1144 1081 1237 1130 ΜΟΧ.
1254 1081 1344 1129 milites

238 1157 508 1222 Videsdxdnit.
810 1159 911 1210 Leni.
943 1156 1343 1222 Nolssoe10,qnibnsnnms·
1399 1195 1405 1201 .

270 1238 285 1300 1
302 1240 318 1286 1
339 1236 374 1285 Ut
389 1238 449 1285 duos
465 1234 568 1297 legiones
581 1232 773 1297 prouinciamque
809 1249 853 1285 mn
863 1235 975 1298 scriptus
984 1243 1051 1299 ersi,
1062 1250 1114 1284 non
1124 1234 1241 1284 adsecuti
1254 1235 1344 1283 viden·

237 1314 342 1363 truderet
353 1312 377 1361 ei
387 1313 421 1362 Ρ.
436 1311 583 1367 Quinctilius
596 1309 686 1372 Vorus]
703 1309 772 1361 Psil.
810 1320 854 1361 tor
864 1312 971 1370 librarii,
988 1321 1017 1363 et
1035 1313 1095 1362 hinc
1111 1312 1182 1361 sario
1194 1321 1220 1361 et
1231 1311 1274 1361 hie
1291 1313 1345 1375 eti

237 1394 263 1439 1.
281 1399 309 1439 et
327 1394 353 1439 2.
369 1394 393 1439 st
411 1388 484 1450 (Psi.
496 1392 520 1438 1.
536 1386 578 1451 uc)
592 1388 653 1436 duos
669 1386 774 1448 tegimus
810 1402 889 1452 pree.
902 1402 1010 1437 orrusee.
1028 1389 1093 1437 'an
1108 1389 1154 1438 Cu.
1165 1386 1264 1437 Aurelio
1277 1388 1344 1436 Ino.

236 1468 427 1531 mmueionque
454 1468 560 1517 truderet
588 1466 621 1514 P.
652 1464 772 1521 Quintilio
809 1468 834 1515 8.
847 1464 996 1515 etHesrnii
1009 1465 1043 1515 Ν.
1070 1465 1109 1513 Μ.
1123 1464 1219 1514 Valerio
1232 1464 1345 1514 Heosnii

243 1547 326 1596 Vorm.
344 1546 430 1612 Gebh.
463 1545 500 1594 Ao
518 1546 577 1593 dum
594 1543 698 1604 legiones
717 1557 773 1605 pro·
810 1541 841 1589 L.
855 1545 879 1590 1.
907 1540 1265 1604 Videeup.priee.od§ll.

236 1622 386 1685 oinoiumque
403 1622 498 1670 trudere
517 1621 548 1670 P.
565 1619 685 1674 Quintilio
699 1619 773 1675 Voss,
842 1619 857 1681 1
876 1621 905 1666 11
927 1616 961 1666 Ut
972 1617 1074 1680 pluentis
1088 1616 1146 1666 Diis
1160 1615 1239 1664 omnin
1254 1617 1347 1681 incipe·

239 1700 281 1748 vei
299 1698 385 1762 Vorro,
395 1699 472 1747 Voss.
491 1697 556 1747 Lou.
571 1701 594 1746 1.
610 1702 635 1747 2.
652 1704 680 1746 et
696 1696 772 1746 Hori.
809 1700 863 1745 rent
884 1694 1040 1757 agerentque]
1060 1694 1116 1742 Pul.
1138 1696 1164 1741 2.
1185 1699 1212 1741 ut
1231 1693 1262 1742 ol
1280 1690 1357 1757 plne(

237 1790 324 1841 nequo
335 1776 455 1825 dissentit
466 1775 535 1825 Hos.
548 1774 598 1823 nisi
614 1773 682 1837 qnod
691 1775 773 1822 trodo·
810 1772 869 1821 Diis
879 1771 957 1820 omniu
967 1769 1015 1821 ine.
1033 1769 1118 1820 Gebh.
1155 1771 1189 1819 Ut
1198 1770 1347 1833 beneplacu-

159 1843 160 1846 ’
238 1860 277 1905 ret
296 1856 381 1919 ngat:
402 1871 430 1903 n
446 1857 506 1904 α...
523 1854 603 1903 enam
622 1854 686 1902 nov.
702 1856 727 1900 n.
744 1856 773 1899 et
808 1849 843 1899 in
864 1849 924 1898 niu
940 1849 1003 1898 mv.
1023 1852 1047 1897 2.
1074 1853 1101 1897 n
1119 1848 1152 1897 ..ι
1165 1848 1269 1910 namin
1285 1848 1349 1898 nin

238 1932 350 1982 Gsemn.
384 1928 773 1981 PaniiounteProetoresdeinde
809 1928 887 1976 Voss.
903 1930 931 1975 et
949 1926 1013 1975 Lon.
1025 1928 1056 1974 -1.
1083 1929 1110 1973 ut
1126 1924 1272 1987 ninlncutis
1286 1925 1348 1975 Diis

238 2009 277 2058 Μ.
288 2007 388 2058 Sextius
399 2009 461 2057 hou.
472 2012 497 2058 3.
810 2001 887 2051 Hori.
919 2006 947 2050 ut
968 2016 984 2049 u
1001 2000 1101 2064 moestis
1122 2002 1182 2052 Diis
1205 2002 1297 2051 Louei.
1322 2007 1346 2051 2.

277 2085 512 2149 Praenominum
540 2098 602 2133 anno
627 2080 772 2145 profuerat]
810 2078 1003 2130 Guemanv.
1020 2084 1048 2127 et
1061 2078 1170 2127 Heurnii
1184 2079 1213 2129 L.
1227 2082 1295 2128 Lac
1310 2081 1347 2129 N.

239 2162 371 2213 Proconsut
379 2160 615 2224 priorisusnivoss.
626 2160 687 2207 Lon.
698 2156 772 2221 qnin·
810 2162 836 2204 ut
845 2172 860 2206 u
869 2156 991 2219 placandis
1009 2154 1068 2203 Diis
1084 2152 1145 2203 edd.
1156 2161 1217 2204 ante
1228 2154 1347 2205 Froben.

237 2239 384 2303 qne‚Harl.
395 2236 654 2287 Beo.Guer1n.Hav.
665 2234 773 2282 Hesrnii
812 2238 885 2283 1335.
899 2234 964 2282 Mox
977 2231 1077 2282 Claudio
1086 2232 1212 2293 Marcello,
1224 2232 1252 2281 Τ.
1265 2234 1347 2289 Quis·

238 2315 271 2364 Ι..
292 2319 316 2364 1.
335 2314 370 2363 Ν.
393 2318 421 2363 et
438 2312 499 2362 edd.
522 2319 584 2361 onte
601 2311 680 2361 Frob·
698 2314 773 2360 1535.
808 2312 845 2362 tio
853 2310 985 2361 oonsulibus
993 2311 1057 2360 ιον.
1068 2313 1093 2360 3.
1109 2310 1149 2359 M.
1162 2310 1265 2358 Claudio
1273 2311 1348 2359 Mar·

238 2391 336 2439 Verum
353 2390 410 2439 haec
425 2389 514 2451 lectio,
529 2395 694 2452 qnsmtsnto
712 2400 773 2435 con·
808 2389 868 2438 cello
878 2394 902 2437 et
915 2388 943 2437 T.
956 2386 1056 2443 Quintio
1065 2385 1200 2435 oonsulibus
1212 2386 1275 2435 Ber.
1308 2387 1346 2437 Μ.

234 2481 316 2517 ¹sensu
329 2479 468 2532 perperam
485 2464 697 2527 codd-piabant,
712 2469 774 2514 nuta
813 2467 913 2518 Ciniudio
934 2466 1059 2529 Marcello,
1087 2465 1189 2522 Quintio
1210 2465 1349 2515 oonsulibus

238 2545 342 2594 videtur
363 2559 397 2593 ex
413 2558 445 2593 en
461 2543 531 2608 qnod
548 2543 676 2607 seqnitur,
687 2548 695 2571 ‘
706 2556 772 2607 prse-
807 2545 874 2594 -an
884 2547 909 2592 2.
922 2543 998 2593 Harl.
1009 2551 1036 2593 et
1047 2542 1155 2593 Heomii
1169 2542 1203 2592 Ν.
1219 2543 1260 2592 Μ.
1272 2544 1349 2592 Cluu-

239 2627 296 2672 inre
310 2622 401 2686 prioris
410 2619 490 2669 unni)
807 2623 853 2672 dio
863 2623 985 2678 Marcello,
999 2621 1100 2678 Quintio
1114 2620 1226 2684 Crispino
1242 2623 1348 2672 oonsuli-

272 2699 384 2764 §BCn
398 2697 535 2748 iiemellius
543 2696 666 2761 Siciliam]
686 2697 773 2747 nne-
809 2697 853 2747 ius
871 2698 940 2747 Hos.
967 2698 1004 2746 Μ.
1016 2697 1116 2746 Claudio
1127 2697 1253 2757 Marcello,
1266 2698 1348 2754 Quis·

239 2775 435 2835 miliusHeaonii
444 2774 474 2823 Ι..
482 2778 505 2824 1.
523 2774 773 2824 calumniosum.
810 2777 845 2825 tio
857 2776 933 2825 Folio
941 2775 1077 2826 oonsulibus
1090 2775 1169 2823 Voss.
1179 2774 1206 2823 in
1219 2775 1347 2838 margine,

237 2861 263 2906 5.
285 2860 313 2903 et
333 2854 443 2903 Gsertn.
469 2851 582 2915 Reliqui,
601 2851 663 2901 lieet
684 2865 773 2901 eornm
809 2861 837 2903 ut
855 2854 919 2903 Lon.
936 2859 960 2904 1.
987 2854 1024 2904 Μ.
1044 2853 1156 2915 Claudio,
1175 2853 1209 2908 Q.
1228 2850 1348 2902 Marcello

238 2930 344 2994 quidum
358 2927 496 2988 Tremelius,
511 2927 642 2985 Remulius,
657 2926 773 2977 Aremeli·
809 2931 943 2980 nonnullius
954 2929 1064 2981 Heannii
1076 2931 1141 2979 1..1.

238 3021 278 3068 us,
290 3005 418 3068 Romilius,
435 3004 566 3053 Remettius
577 3005 674 3067 legunt,
686 3012 773 3053 tamen
842 3007 873 3057 Si
880 3021 924 3072 per
935 3007 1119 3072 quinquennium
1131 3006 1191 3056 illud
1199 3005 1347 3070 respublica]

239 3089 389 3133 constanter
401 3096 551 3147 prenomen
562 3083 609 3130 Gn.
620 3081 776 3131 delendum.
810 3085 873 3136 Pnt.
891 3093 919 3134 et
936 3085 1002 3146 Reg.
1018 3097 1070 3133 non
1087 3089 1232 3145 agnoscunt
1250 3097 1347 3147 prono·

238 3161 307 3210 Vide
316 3158 349 3209 ud
359 3173 420 3222 unp.
431 3161 534 3223 pree.§
547 3163 588 3208 11.
810 3176 878 3211 men.
893 3163 921 3211 J.
937 3162 966 3211 F.
978 3161 1056 3211 Goon.
1089 3161 1123 3209 Ρ.
1136 3175 1159 3211 r.
1172 3160 1198 3209 id
1214 3165 1255 3210 est
1269 3175 1347 3224 popu·

274 3237 335 3285 Cum
345 3234 435 3298 uiginti
449 3234 549 3283 navibus
559 3235 646 3297 longis,
656 3236 774 3286 militibus
809 3240 847 3288 lus
859 3239 986 3294 dionissius,
996 3251 1043 3301 pso
1051 3236 1191 3300 respublica,
1203 3251 1345 3300 perperam

238 3312 317 3377 mille]
336 3312 435 3361 Omnes
450 3310 520 3360 Gali.
533 3311 658 3374 objiciunt
670 3310 700 3360 τὸ
710 3328 773 3362 eum.
811 3315 907 3365 Imml·
917 3318 943 3364 2.
953 3313 1066 3363 stHsrl·
1077 3310 1186 3362 vidend
1196 3314 1344 3377 1121118.

238 3387 267 3438 J.
290 3388 321 3436 F.
341 3385 424 3436 Gron.
457 3387 510 3435 Soli
529 3400 644 3436 meorum
664 3388 728 3438 Ber.
744 3395 775 3439 et
842 3391 878 3439 Et
888 3404 927 3440 eos
941 3388 1047 3439 eonsules
1055 3387 1346 3452 primqusmoddellum]

240 3463 678 3514 Genesin-voculamsumretinent.
703 3465 774 3514 Reii·
811 3467 1024 3517 Habentnmnes
1041 3467 1192 3530 repetitum,
1208 3469 1293 3516 utens
1309 3467 1345 3515 to·

239 3543 355 3607 quicum
367 3540 478 3590 Hearnii
491 3541 520 3589 1..
532 3543 555 3588 1.
566 3547 593 3589 et
607 3541 641 3590 N.
652 3556 709 3590 enm
728 3557 772 3590 ex·
810 3547 852 3594 dos
863 3545 976 3602 eunomius,
991 3558 1030 3608 pr.
1046 3545 1078 3592 od
1093 3544 1177 3593 tellum
1188 3542 1265 3606 ptus„
1274 3541 1342 3600 soce·

239 3621 351 3684 pellunt.
378 3617 448 3667 Vide
468 3617 500 3666 nd
520 3631 619 3668 xxxiv.
640 3623 681 3670 26.
700 3622 714 3684 1
733 3623 774 3669 11.
810 3628 872 3673 rest.
906 3622 984 3674 Quod
1001 3621 1117 3672 homines
1135 3620 1344 3669 nnnbellossus-

239 3696 343 3746 Deinde
353 3700 377 3744 et
387 3694 503 3744 militibus
511 3695 576 3743 mitte
584 3695 646 3743 nov.
656 3699 681 3744 4.
709 3695 773 3744 mili·
810 3698 901 3748 tulisse
909 3697 998 3748 credo.
1013 3698 1044 3745 .1.
1053 3697 1084 3746 F.
1095 3696 1171 3745 Goon.
1195 3695 1272 3744 Solus
1283 3690 1345 3745 Bor·

238 3774 303 3823 titus
315 3775 345 3821 C.
358 3773 421 3822 Lon.
432 3775 457 3820 2.
484 3771 583 3836 reliquis
592 3773 707 3822 militibus
715 3775 774 3823 CX.
812 3789 902 3825 vocem
925 3788 975 3825 non
998 3774 1124 3838 agnoscit.
1167 3772 1271 3836 Reliqui
1294 3772 1344 3821 mei

241 3850 305 3899 an.
319 3854 341 3899 1.
365 3848 484 3898 militibus
501 3850 645 3899 CX.Voso.
656 3849 732 3904 Hsii.
746 3859 774 3901 et
811 3866 870 3902 enm
884 3850 993 3901 Hosrnii
1005 3851 1111 3901 Oxonn.
1122 3855 1151 3899 et
1164 3848 1262 3898 Butuc·
1275 3847 1344 3898 Loti-

241 3926 351 3976 Hesrnii
365 3926 394 3975 L.
407 3929 432 3977 1.
449 3940 480 3976 se
493 3927 530 3976 Ν.
810 3929 847 3978 nii
859 3942 916 3979 sum
929 3932 1045 3977 servunt.

273 4005 288 4065 i>
304 4008 321 4052 9
340 4004 483 4053 Tutoretur:
500 4003 557 4054 inde
567 4004 606 4053 Μ.
617 4003 775 4068 Pomponius]
844 4007 858 4069 §
877 4009 907 4054 12
925 4004 991 4054 Ludi
1008 4004 1034 4053 in
1052 4003 1114 4053 circo
1130 4016 1174 4066 per
1190 4002 1344 4065 quatriduum

238 4080 277 4140 τῷ
288 4081 343 4127 inde
355 4079 446 4140 reciso,
455 4079 522 4128 Pali.
530 4088 583 4130 tres
591 4085 727 4130 tutaretur.-
736 4080 775 4131 Μ.
804 4082 886 4142 susti.-
898 4082 1038 4145 hostiisque]
1060 4079 1118 4142 Qui,
1128 4094 1174 4143 pro
1184 4079 1259 4134 Ludi,
1269 4080 1343 4130 Voss.

240 4157 326 4219 Pomp.
339 4155 402 4204 XX.
413 4155 513 4205 nudibus
523 4158 567 4206 rel.
579 4158 645 4207 mille
654 4164 678 4207 et
688 4156 773 4220 quing.
813 4160 877 4211 Lno.
896 4165 919 4209 1.
936 4163 961 4208 2.
980 4162 1004 4207 3.
1019 4158 1095 4207 Hori.
1112 4158 1175 4206 Bou.
1189 4157 1301 4206 Gueotn.
1316 4163 1343 4206 et

240 4233 292 4282 mil.
317 4233 350 4280 R.
370 4233 514 4294 deportaret.
546 4234 605 4284 Pul.
622 4238 646 4285 3.
664 4237 774 4298 deporta·
811 4237 881 4287 Hsv.
890 4234 1016 4287 enmedd.
1026 4235 1101 4285 Rom·
1109 4249 1133 4284 s.
1142 4237 1214 4283 1112.
1222 4240 1251 4283 et
1259 4234 1343 4282 Porm.

239 4312 285 4359 ott.
309 4308 394 4361 Gebn.
421 4309 490 4361 Illud
512 4310 568 4361 inde
588 4325 638 4363 non
661 4312 773 4378 sdporot
809 4314 878 4367 Tum
888 4313 974 4365 lustin
989 4326 1055 4378 onus
1068 4311 1132 4365 nov.
1151 4315 1175 4364 1.
1187 4316 1212 4362 3.
1223 4317 1252 4362 et
1269 4311 1341 4362 Hori.
