<?xml version="1.0" encoding="UTF-8"?>
<!DOCTYPE html PUBLIC "-//W3C//DTD XHTML 1.0 Transitional//EN"
    "http://www.w3.org/TR/xhtml1/DTD/xhtml1-transitional.dtd">
<html xmlns="http://www.w3.org/1999/xhtml" xml:lang="en" lang="en">
 <head>
  <title>
</title>
<meta http-equiv="Content-Type" content="text/html;charset=utf-8" />
  <meta name='ocr-system' content='tesseract 3.04.00' />
  <meta name='ocr-capabilities' content='ocr_page ocr_carea ocr_par ocr_line ocrx_word'/>
</head>
<body>
  <div class='ocr_page' id='page_1' title='image "./tliviipatavinih07rupegoog/tliviipatavinih07rupegoog_0042.png"; bbox 0 0 2975 4950; ppageno 0'>
   <div class='ocr_carea' id='block_1_1' title="bbox 308 340 1067 415">
    <p class='ocr_par' dir='ltr' id='par_1_1' title="bbox 308 340 1067 415">
     <span class='ocr_line' id='line_1_1' title="bbox 308 340 1067 415; baseline -0.008 0"><span class='ocrx_word' id='word_1_1' title='bbox 308 340 415 415; x_wconf 75' lang='lat'>10282</span> <span class='ocrx_word' id='word_1_2' title='bbox 660 360 770 413; x_wconf 74' lang='lat' dir='ltr'>nonu</span> <span class='ocrx_word' id='word_1_3' title='bbox 794 358 999 411; x_wconf 79' lang='lat' dir='ltr'>vnnrouun</span> <span class='ocrx_word' id='word_1_4' title='bbox 1023 359 1067 410; x_wconf 80' lang='lat' dir='ltr'>tn</span> 
     </span>
    </p>
   </div>
   <div class='ocr_carea' id='block_1_2' title="bbox 250 491 1388 1643">
    <p class='ocr_par' dir='ltr' id='par_1_2' title="bbox 306 491 1385 727">
     <span class='ocr_line' id='line_1_2' title="bbox 307 491 1382 566; baseline -0.008 -5"><span class='ocrx_word' id='word_1_5' title='bbox 307 510 373 561; x_wconf 84' lang='lat' dir='ltr'>mari</span> <span class='ocrx_word' id='word_1_6' title='bbox 385 506 538 561; x_wconf 78' lang='lat' dir='ltr'>Chalcidem</span> <span class='ocrx_word' id='word_1_7' title='bbox 550 505 661 558; x_wconf 83' lang='lat' dir='ltr'>venisse.</span> <span class='ocrx_word' id='word_1_8' title='bbox 684 505 774 558; x_wconf 81' lang='lat' dir='ltr'>Qnsra</span> <span class='ocrx_word' id='word_1_9' title='bbox 785 518 844 553; x_wconf 81' lang='lat' dir='ltr'>ser·</span> <span class='ocrx_word' id='word_1_10' title='bbox 880 509 916 554; x_wconf 84' lang='lat' dir='ltr'>tae</span> <span class='ocrx_word' id='word_1_11' title='bbox 928 504 1045 565; x_wconf 84' lang='lat' dir='ltr'>Sunium,</span> <span class='ocrx_word' id='word_1_12' title='bbox 1057 499 1154 554; x_wconf 70' lang='lat' dir='ltr'>Attiou</span> <span class='ocrx_word' id='word_1_13' title='bbox 1171 491 1250 553; x_wconf 77' lang='lat' dir='ltr'>terra</span> <span class='ocrx_word' id='word_1_14' title='bbox 1264 514 1382 566; x_wconf 81' lang='lat' dir='ltr'>prunnon</span> 
     </span>
     <span class='ocr_line' id='line_1_3' title="bbox 307 580 1385 648; baseline -0.006 -11"><span class='ocrx_word' id='word_1_15' title='bbox 307 585 343 637; x_wconf 88' lang='lat' dir='ltr'>ba</span> <span class='ocrx_word' id='word_1_16' title='bbox 355 587 420 636; x_wconf 76' lang='lat' dir='ltr'>bivii</span> <span class='ocrx_word' id='word_1_17' title='bbox 432 588 467 635; x_wconf 87' lang='lat' dir='ltr'>ita</span> <span class='ocrx_word' id='word_1_18' title='bbox 479 585 531 648; x_wconf 81' lang='lat' dir='ltr'>legi</span> <span class='ocrx_word' id='word_1_19' title='bbox 542 589 666 648; x_wconf 78' lang='lat' dir='ltr'>possunt:</span> <span class='ocrx_word' id='word_1_20' title='bbox 684 581 744 644; x_wconf 82' lang='lat' dir='ltr'>ipre,</span> <span class='ocrx_word' id='word_1_21' title='bbox 755 581 786 629; x_wconf 82' lang='lat' dir='ltr'>ab</span> <span class='ocrx_word' id='word_1_22' title='bbox 797 580 843 628; x_wconf 89' lang='lat' dir='ltr'>OE·</span> <span class='ocrx_word' id='word_1_23' title='bbox 881 581 958 645; x_wconf 88' lang='lat' dir='ltr'>rium,</span> <span class='ocrx_word' id='word_1_24' title='bbox 976 582 1133 638; x_wconf 86' lang='lat' dir='ltr'>Cenchreas,</span> <span class='ocrx_word' id='word_1_25' title='bbox 1156 580 1355 631; x_wconf 81' lang='lat' dir='ltr'>Corinthiorum</span> <span class='ocrx_word' id='word_1_26' title='bbox 1368 591 1385 630; x_wconf 82' lang='lat' dir='ltr'>e</span> 
     </span>
     <span class='ocr_line' id='line_1_4' title="bbox 306 655 1154 727; baseline -0.004 -16"><span class='ocrx_word' id='word_1_27' title='bbox 306 676 353 711; x_wconf 82' lang='lat' dir='ltr'>noo</span> <span class='ocrx_word' id='word_1_28' title='bbox 360 667 452 727; x_wconf 74' lang='lat' dir='ltr'>proter</span> <span class='ocrx_word' id='word_1_29' title='bbox 463 660 571 712; x_wconf 77' lang='lat' dir='ltr'>Attienus</span> <span class='ocrx_word' id='word_1_30' title='bbox 581 673 651 721; x_wconf 81' lang='lat' dir='ltr'>snper</span> <span class='ocrx_word' id='word_1_31' title='bbox 662 658 765 707; x_wconf 80' lang='lat' dir='ltr'>Senium</span> <span class='ocrx_word' id='word_1_32' title='bbox 774 655 843 705; x_wconf 85' lang='lat' dir='ltr'>noui·</span> <span class='ocrx_word' id='word_1_33' title='bbox 880 659 992 723; x_wconf 85' lang='lat' dir='ltr'>poriurn,</span> <span class='ocrx_word' id='word_1_34' title='bbox 1004 655 1154 722; x_wconf 74' lang='lat' dir='ltr'>petierunt</span> 
     </span>
    </p>

    <p class='ocr_par' dir='ltr' id='par_1_3' title="bbox 250 734 1387 1105">
     <span class='ocr_line' id='line_1_5' title="bbox 304 734 1386 802; baseline -0.006 -14"><span class='ocrx_word' id='word_1_35' title='bbox 304 740 449 802; x_wconf 72' lang='lat' dir='ltr'>gonainter</span> <span class='ocrx_word' id='word_1_36' title='bbox 459 734 844 800; x_wconf 77' lang='lat' dir='ltr'>nediospropebostinnrclusaes,</span> <span class='ocrx_word' id='word_1_37' title='bbox 914 738 978 800; x_wconf 74' lang='lat'><em>§12¹</em></span> <span class='ocrx_word' id='word_1_38' title='bbox 989 737 1072 799; x_wconf 79' lang='lat' dir='ltr'>Neque</span> <span class='ocrx_word' id='word_1_39' title='bbox 1082 734 1163 789; x_wconf 81' lang='lat' dir='ltr'>timor,</span> <span class='ocrx_word' id='word_1_40' title='bbox 1178 747 1318 799; x_wconf 75' lang='lat' dir='ltr'>neouespes</span> <span class='ocrx_word' id='word_1_41' title='bbox 1330 734 1386 797; x_wconf 78' lang='lat' dir='ltr'>flet</span> 
     </span>
     <span class='ocr_line' id='line_1_6' title="bbox 308 809 1383 877; baseline -0.007 -13"><span class='ocrx_word' id='word_1_42' title='bbox 308 815 446 864; x_wconf 80' lang='lat' dir='ltr'>Cboieidem</span> <span class='ocrx_word' id='word_1_43' title='bbox 455 814 572 877; x_wconf 82' lang='lat' dir='ltr'>peruenit.</span> <span class='ocrx_word' id='word_1_44' title='bbox 597 811 787 862; x_wconf 77' lang='lat' dir='ltr'>Gesshrsisnou</span> <span class='ocrx_word' id='word_1_45' title='bbox 797 809 843 859; x_wconf 81' lang='lat' dir='ltr'>nai·</span> <span class='ocrx_word' id='word_1_46' title='bbox 880 813 929 876; x_wconf 78' lang='lat' dir='ltr'>set]</span> <span class='ocrx_word' id='word_1_47' title='bbox 945 812 1102 876; x_wconf 79' lang='lat' dir='ltr'>Scripsinnrs</span> <span class='ocrx_word' id='word_1_48' title='bbox 1113 812 1252 876; x_wconf 61' lang='lat' dir='ltr'>finissent.</span> <span class='ocrx_word' id='word_1_49' title='bbox 1268 810 1383 859; x_wconf 82' lang='lat' dir='ltr'>Rhenan</span> 
     </span>
     <span class='ocr_line' id='line_1_7' title="bbox 306 884 1386 953; baseline -0.003 -14"><span class='ocrx_word' id='word_1_50' title='bbox 306 902 356 939; x_wconf 91' lang='lat' dir='ltr'>uus</span> <span class='ocrx_word' id='word_1_51' title='bbox 366 889 485 953; x_wconf 86' lang='lat' dir='ltr'>quadrat,</span> <span class='ocrx_word' id='word_1_52' title='bbox 501 887 570 953; x_wconf 89' lang='lat' dir='ltr'>quod</span> <span class='ocrx_word' id='word_1_53' title='bbox 585 888 684 937; x_wconf 83' lang='lat' dir='ltr'>Beatus</span> <span class='ocrx_word' id='word_1_54' title='bbox 700 884 842 934; x_wconf 87' lang='lat' dir='ltr'>Rhenanus</span> <span class='ocrx_word' id='word_1_55' title='bbox 881 886 1386 939; x_wconf 79' lang='lat' dir='ltr'>FlexissettameueonstanterFior.Vo</span> 
     </span>
     <span class='ocr_line' id='line_1_8' title="bbox 250 960 1387 1027; baseline -0.003 -12"><span class='ocrx_word' id='word_1_56' title='bbox 250 989 253 995; x_wconf 94' lang='lat'>·</span> <span class='ocrx_word' id='word_1_57' title='bbox 306 965 431 1016; x_wconf 86' lang='lat' dir='ltr'>restitnit.</span> <span class='ocrx_word' id='word_1_58' title='bbox 450 965 521 1014; x_wconf 83' lang='lat' dir='ltr'>Gtor.</span> <span class='ocrx_word' id='word_1_59' title='bbox 554 964 702 1027; x_wconf 77' lang='lat' dir='ltr'>Stephanus</span> <span class='ocrx_word' id='word_1_60' title='bbox 720 960 844 1023; x_wconf 72' lang='grc' dir='ltr'>Κηχρέαι</span> <span class='ocrx_word' id='word_1_61' title='bbox 882 963 982 1015; x_wconf 72' lang='lat' dir='ltr'>Lont.</span> <span class='ocrx_word' id='word_1_62' title='bbox 1000 970 1026 1015; x_wconf 75' lang='lat' dir='ltr'>t.</span> <span class='ocrx_word' id='word_1_63' title='bbox 1043 968 1068 1014; x_wconf 80' lang='grc'>4.</span> <span class='ocrx_word' id='word_1_64' title='bbox 1084 972 1109 1016; x_wconf 75' lang='lat'>⁶.</span> <span class='ocrx_word' id='word_1_65' title='bbox 1128 965 1204 1014; x_wconf 86' lang='lat' dir='ltr'>Harl.</span> <span class='ocrx_word' id='word_1_66' title='bbox 1221 964 1287 1013; x_wconf 86' lang='lat' dir='ltr'>Ber.</span> <span class='ocrx_word' id='word_1_67' title='bbox 1306 963 1387 1014; x_wconf 78' lang='lat' dir='ltr'>caer.</span> 
     </span>
     <span class='ocr_line' id='line_1_9' title="bbox 305 1035 1192 1105; baseline 0 -13"><span class='ocrx_word' id='word_1_68' title='bbox 305 1039 377 1092; x_wconf 70' lang='lat' dir='ltr'>uinis</span> <span class='ocrx_word' id='word_1_69' title='bbox 393 1037 509 1105; x_wconf 72' lang='grc' dir='ltr'>Τρωάδος,</span> <span class='ocrx_word' id='word_1_70' title='bbox 528 1038 625 1104; x_wconf 70' lang='grc' dir='ltr'>δευτέρα</span> <span class='ocrx_word' id='word_1_71' title='bbox 644 1037 716 1089; x_wconf 68' lang='grc' dir='ltr'>πόλις</span> <span class='ocrx_word' id='word_1_72' title='bbox 733 1036 774 1088; x_wconf 75' lang='grc' dir='ltr'>καὶ</span> <span class='ocrx_word' id='word_1_73' title='bbox 792 1035 843 1086; x_wconf 71' lang='grc' dir='ltr'>ἐπί·</span> <span class='ocrx_word' id='word_1_74' title='bbox 881 1040 950 1091; x_wconf 83' lang='lat' dir='ltr'>Har.</span> <span class='ocrx_word' id='word_1_75' title='bbox 962 1049 990 1092; x_wconf 90' lang='lat' dir='ltr'>et</span> <span class='ocrx_word' id='word_1_76' title='bbox 1003 1041 1113 1092; x_wconf 83' lang='lat' dir='ltr'>Hearnii</span> <span class='ocrx_word' id='word_1_77' title='bbox 1125 1041 1155 1090; x_wconf 87' lang='lat'>1..</span> <span class='ocrx_word' id='word_1_78' title='bbox 1168 1044 1192 1092; x_wconf 88' lang='lat'>1.</span> 
     </span>
    </p>

    <p class='ocr_par' dir='ltr' id='par_1_4' title="bbox 304 1115 1388 1643">
     <span class='ocr_line' id='line_1_10' title="bbox 306 1115 1387 1182; baseline -0.005 -13"><span class='ocrx_word' id='word_1_79' title='bbox 306 1134 369 1169; x_wconf 74' lang='lat' dir='ltr'>seror</span> <span class='ocrx_word' id='word_1_80' title='bbox 379 1116 503 1182; x_wconf 72' lang='grc' dir='ltr'><strong>Κορίνθου.</strong></span> <span class='ocrx_word' id='word_1_81' title='bbox 535 1117 595 1167; x_wconf 82' lang='lat' dir='ltr'>Hoc</span> <span class='ocrx_word' id='word_1_82' title='bbox 614 1116 842 1179; x_wconf 68' lang='lat' dir='ltr'>innocencium,</span> <span class='ocrx_word' id='word_1_83' title='bbox 914 1118 946 1168; x_wconf 79' lang='lat' dir='ltr'>In</span> <span class='ocrx_word' id='word_1_84' title='bbox 967 1123 1096 1181; x_wconf 75' lang='lat' dir='ltr'>posterum,</span> <span class='ocrx_word' id='word_1_85' title='bbox 1111 1123 1139 1167; x_wconf 77' lang='lat' dir='ltr'>at</span> <span class='ocrx_word' id='word_1_86' title='bbox 1155 1119 1245 1176; x_wconf 80' lang='lat' dir='ltr'>eodem,</span> <span class='ocrx_word' id='word_1_87' title='bbox 1269 1119 1313 1181; x_wconf 63' lang='lat' dir='ltr'>ire.</span> <span class='ocrx_word' id='word_1_88' title='bbox 1334 1115 1387 1165; x_wconf 63' lang='lat' dir='ltr'>Oris</span> 
     </span>
     <span class='ocr_line' id='line_1_11' title="bbox 305 1191 1386 1262; baseline -0.005 -15"><span class='ocrx_word' id='word_1_89' title='bbox 305 1211 366 1262; x_wconf 79' lang='lat' dir='ltr'>quae</span> <span class='ocrx_word' id='word_1_90' title='bbox 378 1196 412 1246; x_wconf 84' lang='lat' dir='ltr'>ad</span> <span class='ocrx_word' id='word_1_91' title='bbox 423 1196 576 1248; x_wconf 82' lang='lat' dir='ltr'>Corinthum</span> <span class='ocrx_word' id='word_1_92' title='bbox 590 1202 660 1257; x_wconf 87' lang='lat' dir='ltr'>sunt,</span> <span class='ocrx_word' id='word_1_93' title='bbox 670 1194 801 1256; x_wconf 77' lang='lat' dir='ltr'>intelligit,</span> <span class='ocrx_word' id='word_1_94' title='bbox 811 1200 842 1243; x_wconf 88' lang='lat' dir='ltr'>ut</span> <span class='ocrx_word' id='word_1_95' title='bbox 880 1206 963 1243; x_wconf 77' lang='lat' dir='ltr'>noran</span> <span class='ocrx_word' id='word_1_96' title='bbox 974 1193 1057 1258; x_wconf 77' lang='lat' dir='ltr'>utque]</span> <span class='ocrx_word' id='word_1_97' title='bbox 1080 1193 1148 1243; x_wconf 73' lang='lat' dir='ltr'>Haeo</span> <span class='ocrx_word' id='word_1_98' title='bbox 1160 1196 1240 1244; x_wconf 81' lang='lat' dir='ltr'>rerba</span> <span class='ocrx_word' id='word_1_99' title='bbox 1251 1208 1311 1243; x_wconf 83' lang='lat' dir='ltr'>eum</span> <span class='ocrx_word' id='word_1_100' title='bbox 1323 1191 1386 1243; x_wconf 85' lang='lat' dir='ltr'>med</span> 
     </span>
     <span class='ocr_line' id='line_1_12' title="bbox 305 1268 1387 1337; baseline -0.006 -16"><span class='ocrx_word' id='word_1_101' title='bbox 305 1286 503 1337; x_wconf 79' lang='lat' dir='ltr'>supervacanea</span> <span class='ocrx_word' id='word_1_102' title='bbox 515 1273 549 1321; x_wconf 87' lang='lat' dir='ltr'>sit</span> <span class='ocrx_word' id='word_1_103' title='bbox 561 1271 636 1336; x_wconf 85' lang='lat' dir='ltr'>bujns</span> <span class='ocrx_word' id='word_1_104' title='bbox 652 1271 703 1324; x_wconf 80' lang='lat' dir='ltr'>loci</span> <span class='ocrx_word' id='word_1_105' title='bbox 720 1271 842 1320; x_wconf 82' lang='lat' dir='ltr'>emenda·</span> <span class='ocrx_word' id='word_1_106' title='bbox 881 1268 949 1318; x_wconf 84' lang='lat' dir='ltr'>Livii</span> <span class='ocrx_word' id='word_1_107' title='bbox 960 1283 1029 1329; x_wconf 85' lang='lat' dir='ltr'>esse,</span> <span class='ocrx_word' id='word_1_108' title='bbox 1039 1269 1086 1319; x_wconf 88' lang='lat' dir='ltr'>soli</span> <span class='ocrx_word' id='word_1_109' title='bbox 1095 1269 1223 1319; x_wconf 81' lang='lat' dir='ltr'>oredimus</span> <span class='ocrx_word' id='word_1_110' title='bbox 1236 1269 1352 1319; x_wconf 79' lang='lat' dir='ltr'>Andreae</span> <span class='ocrx_word' id='word_1_111' title='bbox 1366 1283 1387 1333; x_wconf 82' lang='lat' dir='ltr'>p:</span> 
     </span>
     <span class='ocr_line' id='line_1_13' title="bbox 304 1344 1371 1414; baseline -0.006 -14"><span class='ocrx_word' id='word_1_112' title='bbox 304 1344 842 1414; x_wconf 76' lang='lat' dir='ltr'>tto,quaaotareanoafferun,qutcon·</span> <span class='ocrx_word' id='word_1_113' title='bbox 880 1359 923 1394; x_wconf 84' lang='lat' dir='ltr'>uro</span> <span class='ocrx_word' id='word_1_114' title='bbox 942 1346 1045 1395; x_wconf 82' lang='lat' dir='ltr'>editori.</span> <span class='ocrx_word' id='word_1_115' title='bbox 1077 1346 1142 1395; x_wconf 83' lang='lat' dir='ltr'>Mihi</span> <span class='ocrx_word' id='word_1_116' title='bbox 1165 1346 1269 1410; x_wconf 83' lang='lat' dir='ltr'>quidem</span> <span class='ocrx_word' id='word_1_117' title='bbox 1290 1345 1371 1395; x_wconf 80' lang='lat' dir='ltr'>nuliis</span> 
     </span>
     <span class='ocr_line' id='line_1_14' title="bbox 306 1421 1388 1487; baseline -0.006 -10"><span class='ocrx_word' id='word_1_118' title='bbox 306 1423 431 1477; x_wconf 86' lang='lat' dir='ltr'>tratidem</span> <span class='ocrx_word' id='word_1_119' title='bbox 442 1433 558 1475; x_wconf 82' lang='lat' dir='ltr'>veterum</span> <span class='ocrx_word' id='word_1_120' title='bbox 567 1424 691 1478; x_wconf 74' lang='lat' dir='ltr'>librorum</span> <span class='ocrx_word' id='word_1_121' title='bbox 702 1425 841 1487; x_wconf 71' lang='lat' dir='ltr'>tegendum</span> <span class='ocrx_word' id='word_1_122' title='bbox 880 1421 984 1485; x_wconf 84' lang='lat' dir='ltr'>seriptis</span> <span class='ocrx_word' id='word_1_123' title='bbox 995 1428 1175 1486; x_wconf 85' lang='lat' dir='ltr'>occurrerunt,</span> <span class='ocrx_word' id='word_1_124' title='bbox 1194 1424 1239 1472; x_wconf 84' lang='lat' dir='ltr'>sed</span> <span class='ocrx_word' id='word_1_125' title='bbox 1258 1428 1388 1472; x_wconf 80' lang='lat' dir='ltr'>tentamur</span> 
     </span>
     <span class='ocr_line' id='line_1_15' title="bbox 304 1500 1388 1567; baseline -0.004 -15"><span class='ocrx_word' id='word_1_126' title='bbox 304 1509 383 1567; x_wconf 84' lang='lat' dir='ltr'>putat</span> <span class='ocrx_word' id='word_1_127' title='bbox 394 1502 424 1551; x_wconf 82' lang='lat' dir='ltr'>ob</span> <span class='ocrx_word' id='word_1_128' title='bbox 442 1503 529 1552; x_wconf 84' lang='lat' dir='ltr'>OEnoo.</span> <span class='ocrx_word' id='word_1_129' title='bbox 549 1504 639 1566; x_wconf 78' lang='lat' dir='ltr'>Sigon.</span> <span class='ocrx_word' id='word_1_130' title='bbox 673 1502 732 1552; x_wconf 82' lang='lat' dir='ltr'>Pal.</span> <span class='ocrx_word' id='word_1_131' title='bbox 750 1507 773 1552; x_wconf 90' lang='lat' dir='ltr'>l.</span> <span class='ocrx_word' id='word_1_132' title='bbox 790 1502 842 1567; x_wconf 78' lang='lat' dir='ltr'>ipse</span> <span class='ocrx_word' id='word_1_133' title='bbox 880 1501 915 1548; x_wconf 88' lang='lat' dir='ltr'>du</span> <span class='ocrx_word' id='word_1_134' title='bbox 926 1500 1388 1564; x_wconf 68' lang='lat' dir='ltr'>bodotmqusoppngnntioramsurtam</span> 
     </span>
     <span class='ocr_line' id='line_1_16' title="bbox 304 1574 1388 1643; baseline -0.005 -14"><span class='ocrx_word' id='word_1_135' title='bbox 304 1578 568 1643; x_wconf 75' lang='lat' dir='ltr'>ottononispronr</span> <span class='ocrx_word' id='word_1_136' title='bbox 584 1585 673 1629; x_wconf 79' lang='lat' dir='ltr'>terrem</span> <span class='ocrx_word' id='word_1_137' title='bbox 682 1578 842 1629; x_wconf 79' lang='lat' dir='ltr'>Attironrsn·</span> <span class='ocrx_word' id='word_1_138' title='bbox 879 1576 987 1625; x_wconf 72' lang='lat' dir='ltr'>mrum.</span> <span class='ocrx_word' id='word_1_139' title='bbox 1021 1576 1153 1640; x_wconf 83' lang='lat' dir='ltr'><strong>Numquid</strong></span> <span class='ocrx_word' id='word_1_140' title='bbox 1174 1577 1254 1640; x_wconf 73' lang='lat' dir='ltr'>igitur</span> <span class='ocrx_word' id='word_1_141' title='bbox 1270 1574 1388 1625; x_wconf 79' lang='lat' dir='ltr'>fuitdebr</span> 
     </span>
    </p>
   </div>
   <div class='ocr_carea' id='block_1_3' title="bbox 217 1652 1388 1719">
    <p class='ocr_par' dir='ltr' id='par_1_5' title="bbox 217 1652 1388 1719">
     <span class='ocr_line' id='line_1_17' title="bbox 217 1652 1388 1719; baseline -0.004 -14"><span class='ocrx_word' id='word_1_142' title='bbox 217 1656 225 1676; x_wconf 64' lang='lat'>⁸</span> <span class='ocrx_word' id='word_1_143' title='bbox 300 1668 347 1719; x_wconf 80' lang='lat' dir='ltr'>per</span> <span class='ocrx_word' id='word_1_144' title='bbox 356 1655 575 1717; x_wconf 74' lang='lat' dir='ltr'>sinnmnuniguns.</span> <span class='ocrx_word' id='word_1_145' title='bbox 591 1655 682 1705; x_wconf 73' lang='lat' dir='ltr'>Pur.</span> <span class='ocrx_word' id='word_1_146' title='bbox 699 1655 841 1719; x_wconf 79' lang='lat' dir='ltr'>ipseoCbs·</span> <span class='ocrx_word' id='word_1_147' title='bbox 881 1657 1040 1718; x_wconf 57' lang='lat' dir='ltr'>intorquere</span> <span class='ocrx_word' id='word_1_148' title='bbox 1053 1652 1388 1717; x_wconf 68' lang='lat' dir='ltr'>Opuntiorumsortauomrnr</span> 
     </span>
    </p>
   </div>
   <div class='ocr_carea' id='block_1_4' title="bbox 240 1729 1391 3175">
    <p class='ocr_par' dir='ltr' id='par_1_6' title="bbox 240 1729 1391 3175">
     <span class='ocr_line' id='line_1_18' title="bbox 304 1729 1388 1795; baseline -0.003 -14"><span class='ocrx_word' id='word_1_149' title='bbox 304 1730 385 1781; x_wconf 80' lang='lat' dir='ltr'>nebris</span> <span class='ocrx_word' id='word_1_150' title='bbox 402 1735 492 1795; x_wconf 70' lang='lat' dir='ltr'>praeter</span> <span class='ocrx_word' id='word_1_151' title='bbox 513 1731 651 1794; x_wconf 74' lang='lat' dir='ltr'>Antbycero</span> <span class='ocrx_word' id='word_1_152' title='bbox 672 1745 744 1794; x_wconf 69' lang='grc' dir='ltr'><strong><em>ευμεν</em></strong></span> <span class='ocrx_word' id='word_1_153' title='bbox 763 1731 842 1779; x_wconf 81' lang='lat' dir='ltr'>sinum</span> <span class='ocrx_word' id='word_1_154' title='bbox 879 1730 945 1778; x_wconf 80' lang='lat' dir='ltr'>lent:</span> <span class='ocrx_word' id='word_1_155' title='bbox 962 1729 987 1778; x_wconf 89' lang='lat' dir='ltr'>id</span> <span class='ocrx_word' id='word_1_156' title='bbox 997 1736 1086 1786; x_wconf 88' lang='lat' dir='ltr'>est,ue</span> <span class='ocrx_word' id='word_1_157' title='bbox 1095 1731 1148 1778; x_wconf 80' lang='lat' dir='ltr'>citu</span> <span class='ocrx_word' id='word_1_158' title='bbox 1156 1744 1183 1779; x_wconf 88' lang='lat' dir='ltr'>se</span> <span class='ocrx_word' id='word_1_159' title='bbox 1193 1729 1330 1779; x_wconf 84' lang='lat' dir='ltr'>dederent.</span> <span class='ocrx_word' id='word_1_160' title='bbox 1347 1729 1388 1778; x_wconf 88' lang='lat' dir='ltr'>Na</span> 
     </span>
     <span class='ocr_line' id='line_1_19' title="bbox 304 1805 1381 1870; baseline -0.002 -13"><span class='ocrx_word' id='word_1_161' title='bbox 304 1806 430 1869; x_wconf 73' lang='lat' dir='ltr'>navigans.</span> <span class='ocrx_word' id='word_1_162' title='bbox 448 1807 505 1856; x_wconf 82' lang='lat' dir='ltr'>Pal.</span> <span class='ocrx_word' id='word_1_163' title='bbox 516 1811 541 1857; x_wconf 78' lang='lat'>8.</span> <span class='ocrx_word' id='word_1_164' title='bbox 556 1808 608 1870; x_wconf 72' lang='lat' dir='ltr'>ipse</span> <span class='ocrx_word' id='word_1_165' title='bbox 623 1822 638 1856; x_wconf 83' lang='lat' dir='ltr'>n</span> <span class='ocrx_word' id='word_1_166' title='bbox 656 1808 787 1858; x_wconf 80' lang='lat' dir='ltr'>Beunotria</span> <span class='ocrx_word' id='word_1_167' title='bbox 801 1824 842 1858; x_wconf 84' lang='lat' dir='ltr'>sn·</span> <span class='ocrx_word' id='word_1_168' title='bbox 880 1812 909 1854; x_wconf 85' lang='lat' dir='ltr'>et</span> <span class='ocrx_word' id='word_1_169' title='bbox 925 1806 972 1857; x_wconf 91' lang='lat' dir='ltr'>bos</span> <span class='ocrx_word' id='word_1_170' title='bbox 989 1805 1059 1854; x_wconf 86' lang='lat' dir='ltr'>solos</span> <span class='ocrx_word' id='word_1_171' title='bbox 1077 1805 1231 1867; x_wconf 72' lang='lat' dir='ltr'>objurgasse</span> <span class='ocrx_word' id='word_1_172' title='bbox 1248 1805 1346 1855; x_wconf 87' lang='lat' dir='ltr'>dicitnr</span> <span class='ocrx_word' id='word_1_173' title='bbox 1357 1817 1381 1855; x_wconf 86' lang='lat' dir='ltr'>c.</span> 
     </span>
     <span class='ocr_line' id='line_1_20' title="bbox 301 1879 1389 1947; baseline -0.005 -14"><span class='ocrx_word' id='word_1_174' title='bbox 301 1894 347 1947; x_wconf 79' lang='lat' dir='ltr'>per</span> <span class='ocrx_word' id='word_1_175' title='bbox 367 1884 446 1933; x_wconf 82' lang='lat' dir='ltr'>sinum</span> <span class='ocrx_word' id='word_1_176' title='bbox 467 1885 593 1946; x_wconf 75' lang='lat' dir='ltr'>moigona.</span> <span class='ocrx_word' id='word_1_177' title='bbox 620 1882 704 1933; x_wconf 83' lang='lat' dir='ltr'>Gebb.</span> <span class='ocrx_word' id='word_1_178' title='bbox 739 1884 841 1947; x_wconf 79' lang='lat' dir='ltr'>Lectio,</span> <span class='ocrx_word' id='word_1_179' title='bbox 880 1881 1014 1945; x_wconf 84' lang='lat' dir='ltr'>‘Opuntii</span> <span class='ocrx_word' id='word_1_180' title='bbox 1024 1895 1127 1946; x_wconf 85' lang='lat' dir='ltr'>quoque</span> <span class='ocrx_word' id='word_1_181' title='bbox 1139 1881 1173 1930; x_wconf 91' lang='lat' dir='ltr'>ab</span> <span class='ocrx_word' id='word_1_182' title='bbox 1184 1879 1276 1930; x_wconf 83' lang='lat' dir='ltr'>eadem</span> <span class='ocrx_word' id='word_1_183' title='bbox 1285 1881 1324 1929; x_wconf 87' lang='lat' dir='ltr'>ira</span> <span class='ocrx_word' id='word_1_184' title='bbox 1333 1881 1389 1930; x_wconf 84' lang='lat' dir='ltr'>incr</span> 
     </span>
     <span class='ocr_line' id='line_1_21' title="bbox 306 1956 1387 2027; baseline -0.005 -17"><span class='ocrx_word' id='word_1_185' title='bbox 306 1959 389 2024; x_wconf 82' lang='lat' dir='ltr'>ospiti</span> <span class='ocrx_word' id='word_1_186' title='bbox 409 1959 484 2023; x_wconf 87' lang='lat' dir='ltr'>hujus</span> <span class='ocrx_word' id='word_1_187' title='bbox 504 1959 679 2010; x_wconf 69' lang='lat' dir='ltr'>adnotationis</span> <span class='ocrx_word' id='word_1_188' title='bbox 707 1960 843 2027; x_wconf 83' lang='lat' dir='ltr'>adposita,</span> <span class='ocrx_word' id='word_1_189' title='bbox 881 1958 940 2021; x_wconf 78' lang='lat' dir='ltr'>piri,</span> <span class='ocrx_word' id='word_1_190' title='bbox 959 1956 1039 2023; x_wconf 81' lang='lat' dir='ltr'>quod,</span> <span class='ocrx_word' id='word_1_191' title='bbox 1057 1972 1115 2008; x_wconf 87' lang='lat' dir='ltr'>oum</span> <span class='ocrx_word' id='word_1_192' title='bbox 1133 1958 1237 2007; x_wconf 86' lang='lat' dir='ltr'>trabere</span> <span class='ocrx_word' id='word_1_193' title='bbox 1254 1956 1387 2006; x_wconf 86' lang='lat' dir='ltr'>obsidione</span> 
     </span>
     <span class='ocr_line' id='line_1_22' title="bbox 304 2033 1389 2098; baseline -0.005 -13"><span class='ocrx_word' id='word_1_194' title='bbox 304 2049 356 2086; x_wconf 86' lang='lat' dir='ltr'>uon</span> <span class='ocrx_word' id='word_1_195' title='bbox 373 2036 400 2085; x_wconf 89' lang='lat' dir='ltr'>iu</span> <span class='ocrx_word' id='word_1_196' title='bbox 417 2034 523 2086; x_wconf 85' lang='lat' dir='ltr'>officina</span> <span class='ocrx_word' id='word_1_197' title='bbox 540 2035 602 2086; x_wconf 81' lang='lat' dir='ltr'>Anti</span> <span class='ocrx_word' id='word_1_198' title='bbox 619 2035 760 2086; x_wconf 84' lang='lat' dir='ltr'>Asulanica</span> <span class='ocrx_word' id='word_1_199' title='bbox 780 2045 842 2089; x_wconf 87' lang='lat' dir='ltr'>nata</span> <span class='ocrx_word' id='word_1_200' title='bbox 880 2035 906 2084; x_wconf 89' lang='lat' dir='ltr'>iu</span> <span class='ocrx_word' id='word_1_201' title='bbox 928 2034 1067 2091; x_wconf 83' lang='lat' dir='ltr'>adveutum</span> <span class='ocrx_word' id='word_1_202' title='bbox 1089 2048 1162 2083; x_wconf 87' lang='lat' dir='ltr'>suum</span> <span class='ocrx_word' id='word_1_203' title='bbox 1185 2033 1342 2098; x_wconf 84' lang='lat' dir='ltr'>potuissent,</span> <span class='ocrx_word' id='word_1_204' title='bbox 1359 2033 1389 2083; x_wconf 81' lang='lat' dir='ltr'>vi=</span> 
     </span>
     <span class='ocr_line' id='line_1_23' title="bbox 304 2104 1390 2176; baseline -0.003 -14"><span class='ocrx_word' id='word_1_205' title='bbox 304 2119 356 2171; x_wconf 83' lang='lat' dir='ltr'>est,</span> <span class='ocrx_word' id='word_1_206' title='bbox 368 2110 413 2162; x_wconf 88' lang='lat' dir='ltr'>sed</span> <span class='ocrx_word' id='word_1_207' title='bbox 421 2112 476 2176; x_wconf 81' lang='lat' dir='ltr'>jorn</span> <span class='ocrx_word' id='word_1_208' title='bbox 490 2117 551 2162; x_wconf 87' lang='lat' dir='ltr'>aute</span> <span class='ocrx_word' id='word_1_209' title='bbox 561 2113 679 2176; x_wconf 85' lang='lat' dir='ltr'>prostitit</span> <span class='ocrx_word' id='word_1_210' title='bbox 691 2113 716 2161; x_wconf 90' lang='lat' dir='ltr'>iu</span> <span class='ocrx_word' id='word_1_211' title='bbox 728 2113 772 2164; x_wconf 87' lang='lat' dir='ltr'>ed.</span> <span class='ocrx_word' id='word_1_212' title='bbox 783 2114 842 2164; x_wconf 89' lang='lat' dir='ltr'>Mo·</span> <span class='ocrx_word' id='word_1_213' title='bbox 862 2104 864 2111; x_wconf 71' lang='grc'><em>’</em></span> <span class='ocrx_word' id='word_1_214' title='bbox 879 2111 967 2160; x_wconf 88' lang='lat' dir='ltr'>statirn</span> <span class='ocrx_word' id='word_1_215' title='bbox 979 2111 1052 2161; x_wconf 81' lang='lat' dir='ltr'>hosta</span> <span class='ocrx_word' id='word_1_216' title='bbox 1060 2124 1142 2176; x_wconf 80' lang='lat' dir='ltr'>prope</span> <span class='ocrx_word' id='word_1_217' title='bbox 1151 2111 1176 2160; x_wconf 89' lang='lat' dir='ltr'>iu</span> <span class='ocrx_word' id='word_1_218' title='bbox 1187 2110 1357 2160; x_wconf 78' lang='lat' dir='ltr'>voluntariam</span> <span class='ocrx_word' id='word_1_219' title='bbox 1369 2109 1390 2159; x_wconf 81' lang='lat' dir='ltr'>d·</span> 
     </span>
     <span class='ocr_line' id='line_1_24' title="bbox 304 2187 1388 2252; baseline 0 -15"><span class='ocrx_word' id='word_1_220' title='bbox 304 2194 381 2251; x_wconf 72' lang='lat' dir='ltr'>gunt.</span> <span class='ocrx_word' id='word_1_221' title='bbox 414 2189 514 2239; x_wconf 84' lang='lat' dir='ltr'>Omnes</span> <span class='ocrx_word' id='word_1_222' title='bbox 537 2188 639 2252; x_wconf 84' lang='lat' dir='ltr'>priores</span> <span class='ocrx_word' id='word_1_223' title='bbox 661 2189 809 2240; x_wconf 87' lang='lat' dir='ltr'>habuerunt</span> <span class='ocrx_word' id='word_1_224' title='bbox 826 2205 843 2240; x_wconf 79' lang='lat' dir='ltr'>a</span> <span class='ocrx_word' id='word_1_225' title='bbox 880 2187 1006 2239; x_wconf 78' lang='lat' dir='ltr'>ditionem</span> <span class='ocrx_word' id='word_1_226' title='bbox 1025 2187 1233 2239; x_wconf 62' lang='lat' dir='ltr'>concessissent?</span> <span class='ocrx_word' id='word_1_227' title='bbox 1251 2190 1280 2239; x_wconf 82' lang='lat' dir='ltr'>J.</span> <span class='ocrx_word' id='word_1_228' title='bbox 1291 2188 1323 2237; x_wconf 82' lang='lat' dir='ltr'>F.</span> <span class='ocrx_word' id='word_1_229' title='bbox 1336 2188 1388 2237; x_wconf 82' lang='lat' dir='ltr'>Gru</span> 
     </span>
     <span class='ocr_line' id='line_1_25' title="bbox 304 2263 1390 2329; baseline 0.003 -17"><span class='ocrx_word' id='word_1_230' title='bbox 304 2263 438 2320; x_wconf 68' lang='lat' dir='ltr'>Bodotria,</span> <span class='ocrx_word' id='word_1_231' title='bbox 445 2263 513 2329; x_wconf 87' lang='lat' dir='ltr'>quod</span> <span class='ocrx_word' id='word_1_232' title='bbox 523 2263 601 2314; x_wconf 86' lang='lat' dir='ltr'>etiam</span> <span class='ocrx_word' id='word_1_233' title='bbox 610 2272 651 2314; x_wconf 84' lang='lat' dir='ltr'>est</span> <span class='ocrx_word' id='word_1_234' title='bbox 661 2266 686 2314; x_wconf 90' lang='lat' dir='ltr'>in</span> <span class='ocrx_word' id='word_1_235' title='bbox 698 2265 767 2314; x_wconf 82' lang='lat' dir='ltr'>Flor.</span> <span class='ocrx_word' id='word_1_236' title='bbox 778 2266 841 2317; x_wconf 83' lang='lat' dir='ltr'>Ber.</span> <span class='ocrx_word' id='word_1_237' title='bbox 880 2265 919 2315; x_wconf 90' lang='lat' dir='ltr'>Ut</span> <span class='ocrx_word' id='word_1_238' title='bbox 937 2265 1083 2316; x_wconf 77' lang='lat' dir='ltr'>Gronovius</span> <span class='ocrx_word' id='word_1_239' title='bbox 1102 2269 1128 2315; x_wconf 89' lang='lat' dir='ltr'>in</span> <span class='ocrx_word' id='word_1_240' title='bbox 1147 2266 1200 2316; x_wconf 87' lang='lat' dir='ltr'>suis</span> <span class='ocrx_word' id='word_1_241' title='bbox 1218 2265 1328 2328; x_wconf 81' lang='lat' dir='ltr'>invenit,</span> <span class='ocrx_word' id='word_1_242' title='bbox 1344 2280 1390 2329; x_wconf 81' lang='lat' dir='ltr'>apo</span> 
     </span>
     <span class='ocr_line' id='line_1_26' title="bbox 303 2339 1388 2408; baseline 0.003 -20"><span class='ocrx_word' id='word_1_243' title='bbox 303 2347 333 2390; x_wconf 91' lang='lat' dir='ltr'>et</span> <span class='ocrx_word' id='word_1_244' title='bbox 343 2340 412 2391; x_wconf 83' lang='lat' dir='ltr'>Har.</span> <span class='ocrx_word' id='word_1_245' title='bbox 428 2339 458 2389; x_wconf 85' lang='lat' dir='ltr'>ob</span> <span class='ocrx_word' id='word_1_246' title='bbox 469 2341 593 2390; x_wconf 86' lang='lat' dir='ltr'>OEnotriis</span> <span class='ocrx_word' id='word_1_247' title='bbox 603 2341 628 2390; x_wconf 91' lang='lat' dir='ltr'>in</span> <span class='ocrx_word' id='word_1_248' title='bbox 639 2339 721 2391; x_wconf 78' lang='lat' dir='ltr'>Hafa.</span> <span class='ocrx_word' id='word_1_249' title='bbox 738 2340 768 2390; x_wconf 86' lang='lat' dir='ltr'>ab</span> <span class='ocrx_word' id='word_1_250' title='bbox 779 2343 842 2391; x_wconf 77' lang='lat' dir='ltr'>Eno-</span> <span class='ocrx_word' id='word_1_251' title='bbox 879 2356 921 2391; x_wconf 89' lang='lat' dir='ltr'>me</span> <span class='ocrx_word' id='word_1_252' title='bbox 933 2356 1036 2408; x_wconf 84' lang='lat' dir='ltr'>quoque</span> <span class='ocrx_word' id='word_1_253' title='bbox 1048 2349 1136 2393; x_wconf 82' lang='lat' dir='ltr'>exstat</span> <span class='ocrx_word' id='word_1_254' title='bbox 1146 2343 1172 2392; x_wconf 87' lang='lat' dir='ltr'>in</span> <span class='ocrx_word' id='word_1_255' title='bbox 1183 2343 1253 2392; x_wconf 72' lang='lat' dir='ltr'>Ftor.</span> <span class='ocrx_word' id='word_1_256' title='bbox 1261 2342 1338 2392; x_wconf 88' lang='lat' dir='ltr'>Voss.</span> <span class='ocrx_word' id='word_1_257' title='bbox 1351 2343 1388 2391; x_wconf 81' lang='lat' dir='ltr'>Lo</span> 
     </span>
     <span class='ocr_line' id='line_1_27' title="bbox 304 2415 1391 2484; baseline 0.002 -18"><span class='ocrx_word' id='word_1_258' title='bbox 304 2415 338 2466; x_wconf 84' lang='lat' dir='ltr'>tis</span> <span class='ocrx_word' id='word_1_259' title='bbox 348 2415 374 2466; x_wconf 89' lang='lat' dir='ltr'>iu</span> <span class='ocrx_word' id='word_1_260' title='bbox 387 2417 450 2467; x_wconf 72' lang='lat' dir='ltr'>Lov-</span> <span class='ocrx_word' id='word_1_261' title='bbox 461 2421 486 2466; x_wconf 78' lang='lat'>2.</span> <span class='ocrx_word' id='word_1_262' title='bbox 497 2417 526 2466; x_wconf 83' lang='lat' dir='ltr'>ab</span> <span class='ocrx_word' id='word_1_263' title='bbox 538 2418 673 2467; x_wconf 84' lang='lat' dir='ltr'>OEooterris</span> <span class='ocrx_word' id='word_1_264' title='bbox 684 2419 709 2467; x_wconf 85' lang='lat' dir='ltr'>in</span> <span class='ocrx_word' id='word_1_265' title='bbox 720 2419 798 2469; x_wconf 86' lang='lat' dir='ltr'>Voss.</span> <span class='ocrx_word' id='word_1_266' title='bbox 812 2426 840 2469; x_wconf 89' lang='lat' dir='ltr'>et</span> <span class='ocrx_word' id='word_1_267' title='bbox 880 2421 904 2469; x_wconf 95' lang='lat' dir='ltr'>l.</span> <span class='ocrx_word' id='word_1_268' title='bbox 926 2419 996 2469; x_wconf 76' lang='lat' dir='ltr'>Hau.</span> <span class='ocrx_word' id='word_1_269' title='bbox 1017 2426 1045 2469; x_wconf 85' lang='lat' dir='ltr'>et</span> <span class='ocrx_word' id='word_1_270' title='bbox 1068 2419 1178 2469; x_wconf 83' lang='lat' dir='ltr'>Hearnii</span> <span class='ocrx_word' id='word_1_271' title='bbox 1199 2420 1235 2470; x_wconf 93' lang='lat' dir='ltr'>N.</span> <span class='ocrx_word' id='word_1_272' title='bbox 1261 2419 1391 2484; x_wconf 69' lang='lat' dir='ltr'>bonatusqr</span> 
     </span>
     <span class='ocr_line' id='line_1_28' title="bbox 304 2493 1391 2561; baseline 0.004 -19"><span class='ocrx_word' id='word_1_273' title='bbox 304 2493 371 2544; x_wconf 82' lang='lat' dir='ltr'>Lov.</span> <span class='ocrx_word' id='word_1_274' title='bbox 382 2499 406 2543; x_wconf 95' lang='lat' dir='ltr'>l.</span> <span class='ocrx_word' id='word_1_275' title='bbox 423 2493 453 2543; x_wconf 83' lang='lat' dir='ltr'>nb</span> <span class='ocrx_word' id='word_1_276' title='bbox 463 2508 519 2543; x_wconf 78' lang='lat' dir='ltr'>reno</span> <span class='ocrx_word' id='word_1_277' title='bbox 531 2496 578 2544; x_wconf 84' lang='lat' dir='ltr'>tris</span> <span class='ocrx_word' id='word_1_278' title='bbox 588 2495 614 2543; x_wconf 87' lang='lat' dir='ltr'>iu</span> <span class='ocrx_word' id='word_1_279' title='bbox 633 2494 708 2544; x_wconf 80' lang='lat' dir='ltr'>Harl.</span> <span class='ocrx_word' id='word_1_280' title='bbox 723 2493 754 2543; x_wconf 79' lang='lat' dir='ltr'>ob</span> <span class='ocrx_word' id='word_1_281' title='bbox 767 2496 843 2544; x_wconf 84' lang='lat' dir='ltr'>Ceno·</span> <span class='ocrx_word' id='word_1_282' title='bbox 881 2497 1071 2559; x_wconf 77' lang='lat' dir='ltr'>Opuntiuuorunr</span> <span class='ocrx_word' id='word_1_283' title='bbox 1091 2497 1199 2547; x_wconf 85' lang='lat' dir='ltr'>Hearnii</span> <span class='ocrx_word' id='word_1_284' title='bbox 1211 2498 1245 2546; x_wconf 87' lang='lat' dir='ltr'>D.</span> <span class='ocrx_word' id='word_1_285' title='bbox 1261 2498 1391 2561; x_wconf 79' lang='lat' dir='ltr'>bortutusqr</span> 
     </span>
     <span class='ocr_line' id='line_1_29' title="bbox 305 2570 1391 2638; baseline 0.003 -19"><span class='ocrx_word' id='word_1_286' title='bbox 305 2570 378 2619; x_wconf 83' lang='lat' dir='ltr'>terris</span> <span class='ocrx_word' id='word_1_287' title='bbox 388 2570 415 2619; x_wconf 88' lang='lat' dir='ltr'>in</span> <span class='ocrx_word' id='word_1_288' title='bbox 432 2570 496 2620; x_wconf 88' lang='lat' dir='ltr'>Lov.</span> <span class='ocrx_word' id='word_1_289' title='bbox 517 2575 541 2619; x_wconf 84' lang='lat' dir='ltr'>s.</span> <span class='ocrx_word' id='word_1_290' title='bbox 558 2579 586 2621; x_wconf 88' lang='lat' dir='ltr'>et</span> <span class='ocrx_word' id='word_1_291' title='bbox 602 2570 714 2620; x_wconf 84' lang='lat' dir='ltr'>Henrnii</span> <span class='ocrx_word' id='word_1_292' title='bbox 730 2571 760 2621; x_wconf 86' lang='lat' dir='ltr'>L.</span> <span class='ocrx_word' id='word_1_293' title='bbox 771 2575 796 2620; x_wconf 89' lang='lat'>1.</span> <span class='ocrx_word' id='word_1_294' title='bbox 812 2570 843 2621; x_wconf 85' lang='lat' dir='ltr'>nb</span> <span class='ocrx_word' id='word_1_295' title='bbox 882 2574 1039 2636; x_wconf 79' lang='lat' dir='ltr'>Opontiornm</span> <span class='ocrx_word' id='word_1_296' title='bbox 1050 2574 1166 2637; x_wconf 84' lang='lat' dir='ltr'>ejusdem</span> <span class='ocrx_word' id='word_1_297' title='bbox 1178 2573 1209 2625; x_wconf 87' lang='lat'>1..</span> <span class='ocrx_word' id='word_1_298' title='bbox 1222 2580 1246 2625; x_wconf 81' lang='lat'>1.</span> <span class='ocrx_word' id='word_1_299' title='bbox 1260 2574 1391 2638; x_wconf 71' lang='lat' dir='ltr'>bonatusqr</span> 
     </span>
     <span class='ocr_line' id='line_1_30' title="bbox 306 2647 1391 2712; baseline -0.002 -12"><span class='ocrx_word' id='word_1_300' title='bbox 306 2647 424 2700; x_wconf 80' lang='lat' dir='ltr'>Cbeueris</span> <span class='ocrx_word' id='word_1_301' title='bbox 445 2647 471 2696; x_wconf 88' lang='lat' dir='ltr'>iu</span> <span class='ocrx_word' id='word_1_302' title='bbox 493 2648 559 2698; x_wconf 86' lang='lat' dir='ltr'>Lov.</span> <span class='ocrx_word' id='word_1_303' title='bbox 579 2653 604 2697; x_wconf 73' lang='lat' dir='ltr'>d.</span> <span class='ocrx_word' id='word_1_304' title='bbox 632 2647 662 2697; x_wconf 83' lang='lat' dir='ltr'>ob</span> <span class='ocrx_word' id='word_1_305' title='bbox 686 2647 784 2698; x_wconf 76' lang='lat' dir='ltr'>contria</span> <span class='ocrx_word' id='word_1_306' title='bbox 815 2648 842 2697; x_wconf 89' lang='lat' dir='ltr'>iu</span> <span class='ocrx_word' id='word_1_307' title='bbox 881 2650 1041 2712; x_wconf 73' lang='lat' dir='ltr'>Opuntiorum</span> <span class='ocrx_word' id='word_1_308' title='bbox 1052 2650 1128 2700; x_wconf 83' lang='lat' dir='ltr'>Cant.</span> <span class='ocrx_word' id='word_1_309' title='bbox 1161 2650 1214 2700; x_wconf 84' lang='lat' dir='ltr'>Sed</span> <span class='ocrx_word' id='word_1_310' title='bbox 1227 2650 1391 2700; x_wconf 81' lang='lat' dir='ltr'>mediaverbr</span> 
     </span>
     <span class='ocr_line' id='line_1_31' title="bbox 304 2723 1391 2791; baseline 0.003 -17"><span class='ocrx_word' id='word_1_311' title='bbox 304 2723 417 2774; x_wconf 82' lang='lat' dir='ltr'>Gaertn.</span> <span class='ocrx_word' id='word_1_312' title='bbox 441 2723 471 2772; x_wconf 84' lang='lat' dir='ltr'>ob</span> <span class='ocrx_word' id='word_1_313' title='bbox 494 2724 610 2774; x_wconf 79' lang='lat' dir='ltr'>Cerebris</span> <span class='ocrx_word' id='word_1_314' title='bbox 632 2724 658 2773; x_wconf 93' lang='lat' dir='ltr'>in</span> <span class='ocrx_word' id='word_1_315' title='bbox 682 2725 747 2774; x_wconf 80' lang='lat' dir='ltr'>Lov.</span> <span class='ocrx_word' id='word_1_316' title='bbox 767 2728 793 2774; x_wconf 81' lang='lat' dir='ltr'>t.</span> <span class='ocrx_word' id='word_1_317' title='bbox 814 2730 843 2775; x_wconf 90' lang='lat' dir='ltr'>et</span> <span class='ocrx_word' id='word_1_318' title='bbox 880 2741 937 2791; x_wconf 81' lang='lat' dir='ltr'>qnae</span> <span class='ocrx_word' id='word_1_319' title='bbox 958 2726 984 2776; x_wconf 89' lang='lat' dir='ltr'>in</span> <span class='ocrx_word' id='word_1_320' title='bbox 1008 2726 1049 2775; x_wconf 86' lang='lat' dir='ltr'>bis</span> <span class='ocrx_word' id='word_1_321' title='bbox 1068 2727 1234 2789; x_wconf 85' lang='lat' dir='ltr'>omittuntur,</span> <span class='ocrx_word' id='word_1_322' title='bbox 1254 2732 1391 2778; x_wconf 80' lang='lat' dir='ltr'>servante</span> 
     </span>
     <span class='ocr_line' id='line_1_32' title="bbox 304 2797 1391 2864; baseline 0.003 -15"><span class='ocrx_word' id='word_1_323' title='bbox 304 2797 415 2849; x_wconf 83' lang='lat' dir='ltr'>Hearnii</span> <span class='ocrx_word' id='word_1_324' title='bbox 427 2798 494 2847; x_wconf 86' lang='lat'><strong>1..1.</strong></span> <span class='ocrx_word' id='word_1_325' title='bbox 510 2812 568 2863; x_wconf 80' lang='lat' dir='ltr'>quae</span> <span class='ocrx_word' id='word_1_326' title='bbox 588 2799 674 2848; x_wconf 84' lang='lat' dir='ltr'>omnia</span> <span class='ocrx_word' id='word_1_327' title='bbox 685 2805 842 2864; x_wconf 88' lang='lat' dir='ltr'>monstrant,</span> <span class='ocrx_word' id='word_1_328' title='bbox 879 2803 943 2852; x_wconf 85' lang='lat' dir='ltr'>meis</span> <span class='ocrx_word' id='word_1_329' title='bbox 955 2804 1019 2852; x_wconf 84' lang='lat' dir='ltr'>Lov.</span> <span class='ocrx_word' id='word_1_330' title='bbox 1030 2807 1054 2852; x_wconf 78' lang='lat'>2.</span> <span class='ocrx_word' id='word_1_331' title='bbox 1063 2807 1087 2852; x_wconf 80' lang='lat' dir='ltr'>t.</span> <span class='ocrx_word' id='word_1_332' title='bbox 1098 2808 1123 2854; x_wconf 81' lang='lat' dir='ltr'>t.</span> <span class='ocrx_word' id='word_1_333' title='bbox 1137 2809 1162 2853; x_wconf 76' lang='lat' dir='ltr'>t.</span> <span class='ocrx_word' id='word_1_334' title='bbox 1180 2802 1253 2853; x_wconf 80' lang='lat' dir='ltr'>Harl.</span> <span class='ocrx_word' id='word_1_335' title='bbox 1271 2805 1331 2853; x_wconf 88' lang='lat' dir='ltr'>Ber.</span> <span class='ocrx_word' id='word_1_336' title='bbox 1349 2805 1391 2853; x_wconf 73' lang='lat' dir='ltr'>Ro</span> 
     </span>
     <span class='ocr_line' id='line_1_33' title="bbox 240 2871 1391 2945; baseline 0.009 -25"><span class='ocrx_word' id='word_1_337' title='bbox 240 2917 244 2920; x_wconf 88' lang='lat'><strong>.</strong></span> <span class='ocrx_word' id='word_1_338' title='bbox 303 2871 333 2922; x_wconf 80' lang='lat' dir='ltr'>ab</span> <span class='ocrx_word' id='word_1_339' title='bbox 347 2874 486 2939; x_wconf 73' lang='lat' dir='ltr'>Cenchreis,</span> <span class='ocrx_word' id='word_1_340' title='bbox 497 2882 528 2925; x_wconf 90' lang='lat' dir='ltr'>ut</span> <span class='ocrx_word' id='word_1_341' title='bbox 543 2874 602 2926; x_wconf 83' lang='lat' dir='ltr'>Jnc.</span> <span class='ocrx_word' id='word_1_342' title='bbox 614 2875 730 2937; x_wconf 81' lang='lat' dir='ltr'>Gronov.</span> <span class='ocrx_word' id='word_1_343' title='bbox 750 2875 844 2940; x_wconf 82' lang='lat' dir='ltr'>edidit,</span> <span class='ocrx_word' id='word_1_344' title='bbox 879 2878 960 2929; x_wconf 85' lang='lat' dir='ltr'>Hafn.</span> <span class='ocrx_word' id='word_1_345' title='bbox 972 2879 999 2930; x_wconf 86' lang='lat' dir='ltr'>e&#39;t</span> <span class='ocrx_word' id='word_1_346' title='bbox 1009 2879 1118 2930; x_wconf 81' lang='lat' dir='ltr'>Gaertu.</span> <span class='ocrx_word' id='word_1_347' title='bbox 1128 2888 1256 2944; x_wconf 74' lang='lat' dir='ltr'>preterea</span> <span class='ocrx_word' id='word_1_348' title='bbox 1267 2882 1329 2944; x_wconf 74' lang='lat' dir='ltr'>Reg.</span> <span class='ocrx_word' id='word_1_349' title='bbox 1341 2896 1391 2945; x_wconf 82' lang='lat' dir='ltr'>opu</span> 
     </span>
     <span class='ocr_line' id='line_1_34' title="bbox 302 2949 1389 3021; baseline 0.007 -23"><span class='ocrx_word' id='word_1_350' title='bbox 302 2949 441 3012; x_wconf 75' lang='lat' dir='ltr'>legendum</span> <span class='ocrx_word' id='word_1_351' title='bbox 464 2965 531 3000; x_wconf 85' lang='lat' dir='ltr'>esse.</span> <span class='ocrx_word' id='word_1_352' title='bbox 564 2953 607 3002; x_wconf 90' lang='lat' dir='ltr'>De</span> <span class='ocrx_word' id='word_1_353' title='bbox 632 2952 762 3002; x_wconf 55' lang='lat' dir='ltr'>Cenchreis*</span> <span class='ocrx_word' id='word_1_354' title='bbox 781 2952 843 3003; x_wconf 83' lang='lat' dir='ltr'>vide</span> <span class='ocrx_word' id='word_1_355' title='bbox 880 2957 1044 3020; x_wconf 86' lang='lat' dir='ltr'>Donjatinm,</span> <span class='ocrx_word' id='word_1_356' title='bbox 1056 2964 1083 3006; x_wconf 91' lang='lat' dir='ltr'>et</span> <span class='ocrx_word' id='word_1_357' title='bbox 1093 2958 1194 3008; x_wconf 84' lang='lat' dir='ltr'>Victor.</span> <span class='ocrx_word' id='word_1_358' title='bbox 1205 2956 1273 3021; x_wconf 86' lang='lat' dir='ltr'>apud</span> <span class='ocrx_word' id='word_1_359' title='bbox 1284 2957 1389 3007; x_wconf 83' lang='lat' dir='ltr'>crerier</span> 
     </span>
     <span class='ocr_line' id='line_1_35' title="bbox 305 3026 1391 3099; baseline 0.006 -23"><span class='ocrx_word' id='word_1_360' title='bbox 305 3027 399 3077; x_wconf 84' lang='lat' dir='ltr'>Wasse</span> <span class='ocrx_word' id='word_1_361' title='bbox 416 3026 453 3076; x_wconf 76' lang='lat' dir='ltr'>ad</span> <span class='ocrx_word' id='word_1_362' title='bbox 476 3027 594 3089; x_wconf 80' lang='lat' dir='ltr'>Thucyd.</span> <span class='ocrx_word' id='word_1_363' title='bbox 616 3039 680 3079; x_wconf 83' lang='lat' dir='ltr'>vrrr.</span> <span class='ocrx_word' id='word_1_364' title='bbox 700 3042 762 3092; x_wconf 79' lang='lat' dir='ltr'>pag.</span> <span class='ocrx_word' id='word_1_365' title='bbox 783 3032 843 3080; x_wconf 70' lang='lat' dir='ltr'>tlt.</span> <span class='ocrx_word' id='word_1_366' title='bbox 879 3047 942 3094; x_wconf 79' lang='lat' dir='ltr'>um3</span> <span class='ocrx_word' id='word_1_367' title='bbox 971 3033 1024 3099; x_wconf 81' lang='lat' dir='ltr'>qui,</span> <span class='ocrx_word' id='word_1_368' title='bbox 1046 3048 1124 3098; x_wconf 71' lang='lat' dir='ltr'>quun)</span> <span class='ocrx_word' id='word_1_369' title='bbox 1144 3034 1171 3084; x_wconf 88' lang='lat' dir='ltr'>in</span> <span class='ocrx_word' id='word_1_370' title='bbox 1196 3034 1235 3083; x_wconf 85' lang='lat' dir='ltr'>bis</span> <span class='ocrx_word' id='word_1_371' title='bbox 1256 3035 1316 3083; x_wconf 81' lang='lat' dir='ltr'>nibil</span> <span class='ocrx_word' id='word_1_372' title='bbox 1336 3034 1391 3083; x_wconf 84' lang='lat' dir='ltr'>Liri</span> 
     </span>
     <span class='ocr_line' id='line_1_36' title="bbox 303 3100 1391 3175; baseline 0.008 -25"><span class='ocrx_word' id='word_1_373' title='bbox 303 3100 409 3151; x_wconf 83' lang='lat' dir='ltr'>Deinde</span> <span class='ocrx_word' id='word_1_374' title='bbox 426 3106 517 3165; x_wconf 73' lang='lat' dir='ltr'>preter</span> <span class='ocrx_word' id='word_1_375' title='bbox 536 3103 635 3153; x_wconf 78' lang='lat' dir='ltr'>Atticen</span> <span class='ocrx_word' id='word_1_376' title='bbox 654 3104 806 3154; x_wconf 86' lang='lat' dir='ltr'>HearoiiL.</span> <span class='ocrx_word' id='word_1_377' title='bbox 819 3110 843 3156; x_wconf 86' lang='lat'>1.</span> <span class='ocrx_word' id='word_1_378' title='bbox 879 3109 1013 3173; x_wconf 82' lang='lat' dir='ltr'>indiguum</span> <span class='ocrx_word' id='word_1_379' title='bbox 1037 3109 1225 3175; x_wconf 80' lang='lat' dir='ltr'>deprehendat,</span> <span class='ocrx_word' id='word_1_380' title='bbox 1246 3119 1273 3160; x_wconf 87' lang='lat' dir='ltr'>et</span> <span class='ocrx_word' id='word_1_381' title='bbox 1303 3111 1357 3160; x_wconf 91' lang='lat' dir='ltr'>siue</span> <span class='ocrx_word' id='word_1_382' title='bbox 1376 3110 1391 3160; x_wconf 89' lang='lat' dir='ltr'>ii</span> 
     </span>
    </p>
   </div>
   <div class='ocr_carea' id='block_1_5' title="bbox 204 3175 1391 3252">
    <p class='ocr_par' dir='ltr' id='par_1_7' title="bbox 204 3175 1391 3252">
     <span class='ocr_line' id='line_1_37' title="bbox 204 3175 1391 3252; baseline 0.008 -28"><span class='ocrx_word' id='word_1_383' title='bbox 204 3205 207 3208; x_wconf 94' lang='lat'>-</span> <span class='ocrx_word' id='word_1_384' title='bbox 303 3175 374 3241; x_wconf 78' lang='lat' dir='ltr'>quod</span> <span class='ocrx_word' id='word_1_385' title='bbox 388 3190 421 3225; x_wconf 84' lang='lat' dir='ltr'>ex</span> <span class='ocrx_word' id='word_1_386' title='bbox 433 3177 614 3229; x_wconf 85' lang='lat' dir='ltr'>emendatione</span> <span class='ocrx_word' id='word_1_387' title='bbox 623 3179 742 3229; x_wconf 85' lang='lat' dir='ltr'>Rhenani</span> <span class='ocrx_word' id='word_1_388' title='bbox 754 3195 842 3231; x_wconf 86' lang='lat' dir='ltr'>omnes</span> <span class='ocrx_word' id='word_1_389' title='bbox 878 3200 970 3236; x_wconf 83' lang='lat' dir='ltr'>seusus</span> <span class='ocrx_word' id='word_1_390' title='bbox 987 3196 1109 3237; x_wconf 81' lang='lat' dir='ltr'>constare</span> <span class='ocrx_word' id='word_1_391' title='bbox 1127 3193 1251 3252; x_wconf 80' lang='lat' dir='ltr'>nequeat,</span> <span class='ocrx_word' id='word_1_392' title='bbox 1261 3186 1350 3237; x_wconf 86' lang='lat' dir='ltr'>eadem</span> <span class='ocrx_word' id='word_1_393' title='bbox 1361 3191 1391 3236; x_wconf 77' lang='lat' dir='ltr'>eti</span> 
     </span>
    </p>
   </div>
   <div class='ocr_carea' id='block_1_6' title="bbox 294 3254 1391 4323">
    <p class='ocr_par' dir='ltr' id='par_1_8' title="bbox 303 3254 1391 3709">
     <span class='ocr_line' id='line_1_38' title="bbox 303 3254 1391 3324; baseline 0.01 -22"><span class='ocrx_word' id='word_1_394' title='bbox 303 3254 464 3318; x_wconf 78' lang='lat' dir='ltr'>posteriores</span> <span class='ocrx_word' id='word_1_395' title='bbox 472 3254 585 3305; x_wconf 74' lang='lat' dir='ltr'>editores</span> <span class='ocrx_word' id='word_1_396' title='bbox 595 3264 751 3320; x_wconf 77' lang='lat' dir='ltr'>receperunt</span> <span class='ocrx_word' id='word_1_397' title='bbox 759 3273 842 3324; x_wconf 83' lang='lat' dir='ltr'>nsque</span> <span class='ocrx_word' id='word_1_398' title='bbox 880 3278 920 3313; x_wconf 86' lang='lat' dir='ltr'>arn</span> <span class='ocrx_word' id='word_1_399' title='bbox 932 3264 1060 3314; x_wconf 85' lang='lat' dir='ltr'>servanda</span> <span class='ocrx_word' id='word_1_400' title='bbox 1072 3264 1157 3314; x_wconf 74' lang='lat' dir='ltr'>duxit.</span> <span class='ocrx_word' id='word_1_401' title='bbox 1177 3264 1353 3314; x_wconf 69' lang='lat' dir='ltr'>solennium</span> <span class='ocrx_word' id='word_1_402' title='bbox 1365 3277 1391 3313; x_wconf 84' lang='lat' dir='ltr'>vo</span> 
     </span>
     <span class='ocr_line' id='line_1_39' title="bbox 304 3330 1391 3398; baseline 0.006 -19"><span class='ocrx_word' id='word_1_403' title='bbox 304 3330 338 3380; x_wconf 82' lang='lat' dir='ltr'>ad</span> <span class='ocrx_word' id='word_1_404' title='bbox 351 3330 467 3382; x_wconf 77' lang='lat' dir='ltr'>Gronov.</span> <span class='ocrx_word' id='word_1_405' title='bbox 478 3331 521 3395; x_wconf 87' lang='lat' dir='ltr'>qui</span> <span class='ocrx_word' id='word_1_406' title='bbox 534 3332 652 3386; x_wconf 86' lang='lat' dir='ltr'>restituit</span> <span class='ocrx_word' id='word_1_407' title='bbox 661 3332 775 3398; x_wconf 82' lang='lat' dir='ltr'>priorem</span> <span class='ocrx_word' id='word_1_408' title='bbox 788 3337 842 3386; x_wconf 78' lang='lat' dir='ltr'>lee-</span> <span class='ocrx_word' id='word_1_409' title='bbox 879 3355 923 3391; x_wconf 84' lang='lat' dir='ltr'>ees</span> <span class='ocrx_word' id='word_1_410' title='bbox 934 3342 960 3391; x_wconf 87' lang='lat' dir='ltr'>in</span> <span class='ocrx_word' id='word_1_411' title='bbox 971 3342 1085 3391; x_wconf 77' lang='lat' dir='ltr'>serietate</span> <span class='ocrx_word' id='word_1_412' title='bbox 1094 3341 1236 3390; x_wconf 87' lang='lat' dir='ltr'>deerautiu</span> <span class='ocrx_word' id='word_1_413' title='bbox 1246 3340 1307 3389; x_wconf 79' lang='lat' dir='ltr'>bor.</span> <span class='ocrx_word' id='word_1_414' title='bbox 1317 3342 1339 3387; x_wconf 76' lang='grc'>3.</span> <span class='ocrx_word' id='word_1_415' title='bbox 1350 3345 1391 3387; x_wconf 70' lang='lat' dir='ltr'>ets</span> 
     </span>
     <span class='ocr_line' id='line_1_40' title="bbox 305 3406 1391 3480; baseline 0.005 -23"><span class='ocrx_word' id='word_1_416' title='bbox 305 3406 404 3458; x_wconf 85' lang='lat' dir='ltr'>tionem</span> <span class='ocrx_word' id='word_1_417' title='bbox 421 3410 510 3471; x_wconf 75' lang='lat' dir='ltr'>proter</span> <span class='ocrx_word' id='word_1_418' title='bbox 526 3413 616 3459; x_wconf 81' lang='lat' dir='ltr'>terrum</span> <span class='ocrx_word' id='word_1_419' title='bbox 632 3410 750 3469; x_wconf 78' lang='lat' dir='ltr'>Atticum,</span> <span class='ocrx_word' id='word_1_420' title='bbox 763 3413 789 3463; x_wconf 86' lang='lat' dir='ltr'>iu</span> <span class='ocrx_word' id='word_1_421' title='bbox 801 3427 842 3478; x_wconf 82' lang='lat' dir='ltr'>pr.</span> <span class='ocrx_word' id='word_1_422' title='bbox 915 3419 1063 3467; x_wconf 79' lang='lat' dir='ltr'>Oreonoram</span> <span class='ocrx_word' id='word_1_423' title='bbox 1073 3420 1098 3466; x_wconf 83' lang='lat' dir='ltr'>et</span> <span class='ocrx_word' id='word_1_424' title='bbox 1109 3415 1280 3480; x_wconf 74' lang='lat' dir='ltr'>Opuntiorum]</span> <span class='ocrx_word' id='word_1_425' title='bbox 1295 3414 1353 3463; x_wconf 90' lang='lat' dir='ltr'>Vet.</span> <span class='ocrx_word' id='word_1_426' title='bbox 1363 3413 1391 3463; x_wconf 85' lang='lat' dir='ltr'>lit</span> 
     </span>
     <span class='ocr_line' id='line_1_41' title="bbox 305 3482 1391 3558; baseline 0.005 -25"><span class='ocrx_word' id='word_1_427' title='bbox 305 3482 347 3534; x_wconf 88' lang='lat' dir='ltr'>ed.</span> <span class='ocrx_word' id='word_1_428' title='bbox 359 3488 426 3558; x_wconf 85' lang='lat' dir='ltr'>nott.</span> <span class='ocrx_word' id='word_1_429' title='bbox 438 3490 560 3548; x_wconf 85' lang='lat' dir='ltr'>testatus,</span> <span class='ocrx_word' id='word_1_430' title='bbox 572 3488 698 3551; x_wconf 81' lang='lat' dir='ltr'>optimum</span> <span class='ocrx_word' id='word_1_431' title='bbox 710 3504 769 3539; x_wconf 86' lang='lat' dir='ltr'>euro</span> <span class='ocrx_word' id='word_1_432' title='bbox 786 3491 842 3554; x_wconf 83' lang='lat' dir='ltr'>piu·</span> <span class='ocrx_word' id='word_1_433' title='bbox 881 3494 1055 3543; x_wconf 77' lang='lat' dir='ltr'>Oritanorum.-</span> <span class='ocrx_word' id='word_1_434' title='bbox 1071 3501 1100 3542; x_wconf 90' lang='lat' dir='ltr'>et</span> <span class='ocrx_word' id='word_1_435' title='bbox 1110 3498 1191 3542; x_wconf 79' lang='lat' dir='ltr'>recte·</span> <span class='ocrx_word' id='word_1_436' title='bbox 1224 3492 1289 3542; x_wconf 86' lang='lat' dir='ltr'>Nam</span> <span class='ocrx_word' id='word_1_437' title='bbox 1299 3489 1391 3553; x_wconf 82' lang='lat' dir='ltr'>stepha</span> 
     </span>
     <span class='ocr_line' id='line_1_42' title="bbox 304 3561 1391 3631; baseline 0.005 -21"><span class='ocrx_word' id='word_1_438' title='bbox 304 3562 379 3611; x_wconf 89' lang='lat' dir='ltr'>ribos</span> <span class='ocrx_word' id='word_1_439' title='bbox 390 3561 427 3611; x_wconf 86' lang='lat' dir='ltr'>ita</span> <span class='ocrx_word' id='word_1_440' title='bbox 438 3562 526 3625; x_wconf 79' lang='lat' dir='ltr'>legere</span> <span class='ocrx_word' id='word_1_441' title='bbox 536 3578 544 3623; x_wconf 74' lang='grc' dir='ltr'><strong>ς</strong></span> <span class='ocrx_word' id='word_1_442' title='bbox 556 3563 623 3627; x_wconf 87' lang='lat' dir='ltr'>qnod</span> <span class='ocrx_word' id='word_1_443' title='bbox 632 3565 702 3614; x_wconf 80' lang='lat' dir='ltr'>nulla</span> <span class='ocrx_word' id='word_1_444' title='bbox 711 3567 743 3615; x_wconf 89' lang='lat' dir='ltr'>de</span> <span class='ocrx_word' id='word_1_445' title='bbox 752 3580 843 3616; x_wconf 82' lang='lat' dir='ltr'>caussa</span> <span class='ocrx_word' id='word_1_446' title='bbox 880 3582 928 3617; x_wconf 89' lang='lat' dir='ltr'>nus</span> <span class='ocrx_word' id='word_1_447' title='bbox 940 3582 947 3616; x_wconf 75' lang='grc' dir='ltr'><strong>ε</strong></span> <span class='ocrx_word' id='word_1_448' title='bbox 964 3567 1048 3631; x_wconf 74' lang='lat' dir='ltr'>&#39;noeis</span> <span class='ocrx_word' id='word_1_449' title='bbox 1063 3566 1135 3618; x_wconf 73' lang='grc' dir='ltr'>πόλις</span> <span class='ocrx_word' id='word_1_450' title='bbox 1154 3566 1263 3625; x_wconf 72' lang='grc' dir='ltr'>Εὖβοίας·</span> <span class='ocrx_word' id='word_1_451' title='bbox 1273 3566 1301 3615; x_wconf 84' lang='lat' dir='ltr'>rb</span> <span class='ocrx_word' id='word_1_452' title='bbox 1311 3565 1391 3616; x_wconf 77' lang='lat' dir='ltr'>itvnb</span> 
     </span>
     <span class='ocr_line' id='line_1_43' title="bbox 305 3638 1097 3709; baseline 0.008 -22"><span class='ocrx_word' id='word_1_453' title='bbox 305 3640 333 3688; x_wconf 89' lang='lat' dir='ltr'>in</span> <span class='ocrx_word' id='word_1_454' title='bbox 357 3638 419 3689; x_wconf 89' lang='lat' dir='ltr'>edd.</span> <span class='ocrx_word' id='word_1_455' title='bbox 445 3640 616 3705; x_wconf 85' lang='lat' dir='ltr'>sequentibus</span> <span class='ocrx_word' id='word_1_456' title='bbox 643 3642 765 3692; x_wconf 86' lang='lat' dir='ltr'>omissum</span> <span class='ocrx_word' id='word_1_457' title='bbox 793 3652 844 3699; x_wconf 83' lang='lat' dir='ltr'>est.</span> <span class='ocrx_word' id='word_1_458' title='bbox 877 3643 994 3709; x_wconf 70' lang='grc' dir='ltr'>ὀρείτησ.</span> <span class='ocrx_word' id='word_1_459' title='bbox 1011 3645 1097 3708; x_wconf 76' lang='lat' dir='ltr'>Sigon.</span> 
     </span>
    </p>

    <p class='ocr_par' dir='ltr' id='par_1_9' title="bbox 294 3715 1391 4323">
     <span class='ocr_line' id='line_1_44' title="bbox 304 3715 1391 3787; baseline 0.003 -21"><span class='ocrx_word' id='word_1_460' title='bbox 304 3716 384 3767; x_wconf 80' lang='lat' dir='ltr'>Certe</span> <span class='ocrx_word' id='word_1_461' title='bbox 394 3716 430 3766; x_wconf 90' lang='lat' dir='ltr'>ita</span> <span class='ocrx_word' id='word_1_462' title='bbox 442 3715 588 3782; x_wconf 74' lang='lat' dir='ltr'>prefernut</span> <span class='ocrx_word' id='word_1_463' title='bbox 598 3720 753 3770; x_wconf 87' lang='lat' dir='ltr'>omuesmei.</span> <span class='ocrx_word' id='word_1_464' title='bbox 769 3720 842 3771; x_wconf 67' lang='lat' dir='ltr'>Pras·</span> <span class='ocrx_word' id='word_1_465' title='bbox 913 3725 927 3787; x_wconf 59' lang='grc' dir='ltr'>ς</span> <span class='ocrx_word' id='word_1_466' title='bbox 950 3726 980 3771; x_wconf 76' lang='grc'>13</span> <span class='ocrx_word' id='word_1_467' title='bbox 998 3722 1038 3773; x_wconf 75' lang='lat' dir='ltr'>Ab</span> <span class='ocrx_word' id='word_1_468' title='bbox 1057 3721 1171 3772; x_wconf 73' lang='lat' dir='ltr'>Chalcide</span> <span class='ocrx_word' id='word_1_469' title='bbox 1191 3721 1279 3770; x_wconf 62' lang='lat' dir='ltr'>&amp;eunt</span> <span class='ocrx_word' id='word_1_470' title='bbox 1297 3721 1391 3783; x_wconf 57' lang='lat' dir='ltr'>uniret</span> 
     </span>
     <span class='ocr_line' id='line_1_45' title="bbox 306 3794 1391 3863; baseline 0.003 -21"><span class='ocrx_word' id='word_1_471' title='bbox 306 3798 378 3843; x_wconf 83' lang='lat' dir='ltr'>terea</span> <span class='ocrx_word' id='word_1_472' title='bbox 397 3807 469 3857; x_wconf 79' lang='lat' dir='ltr'>saper</span> <span class='ocrx_word' id='word_1_473' title='bbox 489 3795 567 3843; x_wconf 83' lang='lat' dir='ltr'>sinum</span> <span class='ocrx_word' id='word_1_474' title='bbox 587 3794 652 3845; x_wconf 82' lang='lat' dir='ltr'>Luv.</span> <span class='ocrx_word' id='word_1_475' title='bbox 665 3800 689 3845; x_wconf 94' lang='lat' dir='ltr'>l.</span> <span class='ocrx_word' id='word_1_476' title='bbox 704 3800 729 3847; x_wconf 77' lang='lat'>2.</span> <span class='ocrx_word' id='word_1_477' title='bbox 740 3800 766 3845; x_wconf 85' lang='grc'>4.</span> <span class='ocrx_word' id='word_1_478' title='bbox 783 3797 844 3849; x_wconf 91' lang='lat' dir='ltr'>Ber.</span> <span class='ocrx_word' id='word_1_479' title='bbox 880 3797 941 3849; x_wconf 81' lang='lat' dir='ltr'>Hoc</span> <span class='ocrx_word' id='word_1_480' title='bbox 954 3798 1078 3863; x_wconf 83' lang='lat' dir='ltr'>oppidum</span> <span class='ocrx_word' id='word_1_481' title='bbox 1091 3797 1124 3848; x_wconf 87' lang='lat' dir='ltr'>ab</span> <span class='ocrx_word' id='word_1_482' title='bbox 1137 3796 1227 3847; x_wconf 83' lang='lat' dir='ltr'>Attalo</span> <span class='ocrx_word' id='word_1_483' title='bbox 1239 3797 1391 3861; x_wconf 81' lang='lat' dir='ltr'>atqueSulpi</span> 
     </span>
     <span class='ocr_line' id='line_1_46' title="bbox 310 3869 1391 3938; baseline 0.003 -20"><span class='ocrx_word' id='word_1_484' title='bbox 310 3869 422 3921; x_wconf 82' lang='lat' dir='ltr'>Gaertu.</span> <span class='ocrx_word' id='word_1_485' title='bbox 441 3870 511 3922; x_wconf 81' lang='lat' dir='ltr'>Har.</span> <span class='ocrx_word' id='word_1_486' title='bbox 529 3879 556 3921; x_wconf 89' lang='lat' dir='ltr'>et</span> <span class='ocrx_word' id='word_1_487' title='bbox 569 3871 678 3921; x_wconf 84' lang='lat' dir='ltr'>Hearuii</span> <span class='ocrx_word' id='word_1_488' title='bbox 689 3872 720 3921; x_wconf 70' lang='grc' dir='ltr'>Ι..</span> <span class='ocrx_word' id='word_1_489' title='bbox 733 3876 757 3922; x_wconf 92' lang='lat' dir='ltr'>l.</span> <span class='ocrx_word' id='word_1_490' title='bbox 774 3888 845 3938; x_wconf 80' lang='lat' dir='ltr'>super</span> <span class='ocrx_word' id='word_1_491' title='bbox 880 3875 918 3924; x_wconf 88' lang='lat' dir='ltr'>tio</span> <span class='ocrx_word' id='word_1_492' title='bbox 929 3882 1106 3938; x_wconf 78' lang='lat' dir='ltr'>expugnatum</span> <span class='ocrx_word' id='word_1_493' title='bbox 1123 3870 1176 3922; x_wconf 83' lang='lat' dir='ltr'>fnit</span> <span class='ocrx_word' id='word_1_494' title='bbox 1193 3872 1270 3936; x_wconf 84' lang='lat' dir='ltr'>paulo</span> <span class='ocrx_word' id='word_1_495' title='bbox 1281 3877 1347 3935; x_wconf 87' lang='lat' dir='ltr'>ante,</span> <span class='ocrx_word' id='word_1_496' title='bbox 1358 3886 1391 3921; x_wconf 84' lang='lat' dir='ltr'>ne</span> 
     </span>
     <span class='ocr_line' id='line_1_47' title="bbox 308 3948 1391 4014; baseline -0.002 -16"><span class='ocrx_word' id='word_1_497' title='bbox 308 3948 405 3998; x_wconf 76' lang='lat' dir='ltr'>Sirium</span> <span class='ocrx_word' id='word_1_498' title='bbox 424 3948 492 3997; x_wconf 79' lang='lat' dir='ltr'>Flos.</span> <span class='ocrx_word' id='word_1_499' title='bbox 510 3955 539 3998; x_wconf 86' lang='lat' dir='ltr'>at</span> <span class='ocrx_word' id='word_1_500' title='bbox 557 3950 636 3998; x_wconf 90' lang='lat' dir='ltr'>Voss.</span> <span class='ocrx_word' id='word_1_501' title='bbox 659 3964 729 4013; x_wconf 83' lang='lat' dir='ltr'>super</span> <span class='ocrx_word' id='word_1_502' title='bbox 743 3948 844 3999; x_wconf 67' lang='lat' dir='ltr'>unium</span> <span class='ocrx_word' id='word_1_503' title='bbox 881 3951 915 4000; x_wconf 90' lang='lat' dir='ltr'>de</span> <span class='ocrx_word' id='word_1_504' title='bbox 937 3965 969 4000; x_wconf 84' lang='lat' dir='ltr'>ea</span> <span class='ocrx_word' id='word_1_505' title='bbox 991 3956 1100 4014; x_wconf 85' lang='lat' dir='ltr'>recepta</span> <span class='ocrx_word' id='word_1_506' title='bbox 1119 3949 1257 4013; x_wconf 83' lang='lat' dir='ltr'>quicquam</span> <span class='ocrx_word' id='word_1_507' title='bbox 1277 3948 1391 3998; x_wconf 84' lang='lat' dir='ltr'>hactenns</span> 
     </span>
     <span class='ocr_line' id='line_1_48' title="bbox 308 4023 1391 4092; baseline 0.002 -19"><span class='ocrx_word' id='word_1_508' title='bbox 308 4025 411 4089; x_wconf 83' lang='lat' dir='ltr'>reliqui.</span> <span class='ocrx_word' id='word_1_509' title='bbox 445 4024 520 4074; x_wconf 84' lang='lat' dir='ltr'>Idem</span> <span class='ocrx_word' id='word_1_510' title='bbox 537 4024 605 4088; x_wconf 85' lang='lat' dir='ltr'>fere,</span> <span class='ocrx_word' id='word_1_511' title='bbox 622 4027 693 4092; x_wconf 82' lang='lat' dir='ltr'>qrrod</span> <span class='ocrx_word' id='word_1_512' title='bbox 708 4026 758 4076; x_wconf 87' lang='lat' dir='ltr'>hoe</span> <span class='ocrx_word' id='word_1_513' title='bbox 777 4028 845 4092; x_wconf 86' lang='lat' dir='ltr'>ioco,</span> <span class='ocrx_word' id='word_1_514' title='bbox 881 4027 934 4077; x_wconf 84' lang='lat' dir='ltr'>Hie</span> <span class='ocrx_word' id='word_1_515' title='bbox 945 4040 1013 4076; x_wconf 87' lang='lat' dir='ltr'>nune</span> <span class='ocrx_word' id='word_1_516' title='bbox 1024 4040 1080 4077; x_wconf 87' lang='lat' dir='ltr'>earu</span> <span class='ocrx_word' id='word_1_517' title='bbox 1093 4024 1127 4092; x_wconf 88' lang='lat' dir='ltr'>(si</span> <span class='ocrx_word' id='word_1_518' title='bbox 1140 4024 1196 4076; x_wconf 79' lang='lat' dir='ltr'>Dii·</span> <span class='ocrx_word' id='word_1_519' title='bbox 1207 4023 1304 4088; x_wconf 81' lang='lat' dir='ltr'>placet)</span> <span class='ocrx_word' id='word_1_520' title='bbox 1315 4025 1391 4088; x_wconf 87' lang='lat' dir='ltr'>princi</span> 
     </span>
     <span class='ocr_line' id='line_1_49' title="bbox 306 4098 1390 4167; baseline -0.003 -16"><span class='ocrx_word' id='word_1_521' title='bbox 306 4102 359 4151; x_wconf 90' lang='lat' dir='ltr'>iter</span> <span class='ocrx_word' id='word_1_522' title='bbox 371 4102 530 4152; x_wconf 82' lang='lat' dir='ltr'>describitur</span> <span class='ocrx_word' id='word_1_523' title='bbox 548 4113 639 4153; x_wconf 78' lang='lat' dir='ltr'>xxxrr.</span> <span class='ocrx_word' id='word_1_524' title='bbox 651 4105 692 4154; x_wconf 78' lang='grc'>17.</span> <span class='ocrx_word' id='word_1_525' title='bbox 708 4103 844 4156; x_wconf 69' lang='grc' dir='ltr'>ιΝανιιῑει</span> <span class='ocrx_word' id='word_1_526' title='bbox 880 4102 970 4167; x_wconf 78' lang='lat' dir='ltr'>pibus,</span> <span class='ocrx_word' id='word_1_527' title='bbox 981 4100 1026 4167; x_wconf 89' lang='lat' dir='ltr'>qni</span> <span class='ocrx_word' id='word_1_528' title='bbox 1035 4102 1166 4151; x_wconf 84' lang='lat' dir='ltr'>Romanos</span> <span class='ocrx_word' id='word_1_529' title='bbox 1175 4098 1302 4163; x_wconf 78' lang='lat' dir='ltr'>fugerant,</span> <span class='ocrx_word' id='word_1_530' title='bbox 1309 4100 1390 4162; x_wconf 82' lang='lat' dir='ltr'>Philip</span> 
     </span>
     <span class='ocr_line' id='line_1_50' title="bbox 308 4176 1390 4244; baseline -0.002 -17"><span class='ocrx_word' id='word_1_531' title='bbox 308 4178 403 4241; x_wconf 80' lang='lat' dir='ltr'>eopiae,</span> <span class='ocrx_word' id='word_1_532' title='bbox 413 4178 515 4229; x_wconf 87' lang='lat' dir='ltr'>duabus</span> <span class='ocrx_word' id='word_1_533' title='bbox 526 4180 605 4230; x_wconf 78' lang='lat' dir='ltr'>claris</span> <span class='ocrx_word' id='word_1_534' title='bbox 616 4181 723 4231; x_wconf 89' lang='lat' dir='ltr'>urbibus</span> <span class='ocrx_word' id='word_1_535' title='bbox 735 4182 844 4233; x_wconf 80' lang='lat' dir='ltr'>Euboeta</span> <span class='ocrx_word' id='word_1_536' title='bbox 880 4194 929 4244; x_wconf 80' lang='lat' dir='ltr'>pus</span> <span class='ocrx_word' id='word_1_537' title='bbox 941 4178 1031 4229; x_wconf 83' lang='lat' dir='ltr'>tradit.</span> <span class='ocrx_word' id='word_1_538' title='bbox 1063 4176 1115 4226; x_wconf 86' lang='lat' dir='ltr'>Vei</span> <span class='ocrx_word' id='word_1_539' title='bbox 1126 4176 1204 4240; x_wconf 75' lang='lat' dir='ltr'>igitur</span> <span class='ocrx_word' id='word_1_540' title='bbox 1213 4176 1256 4226; x_wconf 87' lang='lat' dir='ltr'>bie</span> <span class='ocrx_word' id='word_1_541' title='bbox 1266 4176 1350 4239; x_wconf 81' lang='lat' dir='ltr'>aliquia</span> <span class='ocrx_word' id='word_1_542' title='bbox 1360 4176 1390 4225; x_wconf 86' lang='lat' dir='ltr'>de</span> 
     </span>
     <span class='ocr_line' id='line_1_51' title="bbox 294 4251 1391 4323; baseline 0.01 -19"><span class='ocrx_word' id='word_1_543' title='bbox 294 4255 378 4306; x_wconf 72' lang='lat' dir='ltr'>&#39;iutra</span> <span class='ocrx_word' id='word_1_544' title='bbox 389 4255 444 4307; x_wconf 83' lang='lat' dir='ltr'>dies</span> <span class='ocrx_word' id='word_1_545' title='bbox 464 4270 561 4323; x_wconf 86' lang='lat' dir='ltr'>paucos</span> <span class='ocrx_word' id='word_1_546' title='bbox 577 4256 672 4323; x_wconf 84' lang='lat' dir='ltr'>captis,</span> <span class='ocrx_word' id='word_1_547' title='bbox 684 4258 844 4310; x_wconf 82' lang='lat' dir='ltr'>circumvec·</span> <span class='ocrx_word' id='word_1_548' title='bbox 879 4253 976 4312; x_wconf 73' lang='lat' dir='ltr'>fectus»</span> <span class='ocrx_word' id='word_1_549' title='bbox 988 4252 1156 4306; x_wconf 55' lang='lat' dir='ltr'>“1³1¹thss</span> <span class='ocrx_word' id='word_1_550' title='bbox 1175 4251 1278 4305; x_wconf 66' lang='lat' dir='ltr'>⁰bliV10·</span> <span class='ocrx_word' id='word_1_551' title='bbox 1294 4251 1391 4302; x_wconf 60' lang='grc' dir='ltr'>ΟΜ</span> 
     </span>
    </p>
   </div>
   <div class='ocr_carea' id='block_1_7' title="bbox 0 0 1496 4950">
    <p class='ocr_par' dir='ltr' id='par_1_10' title="bbox 0 0 1496 4950">
     <span class='ocr_line' id='line_1_52' title="bbox 0 0 1496 4950; baseline 0 0"><span class='ocrx_word' id='word_1_552' title='bbox 0 0 1496 4950; x_wconf 95' lang='lat' dir='ltr'> </span> 
     </span>
    </p>
   </div>
  </div>
 </body>
</html>
