2975 4950
321 385 324 395 ν
369 369 404 417 u.
431 366 526 424 utun
549 364 653 420 uisu.
675 365 751 417 urs.
774 364 910 421 xxxo.
933 364 1016 415 cur.
1037 349 1072 418 8.
1164 352 1276 427 10783
1315 392 1318 397 1

170 504 325 573 prenomen
340 510 364 560 el
379 510 498 561 tribuunt
516 510 581 560 Isou.
597 513 622 559 2.
638 515 663 560 4.
679 514 704 557 5.
740 513 781 559 26.
805 509 910 560 tertium
938 509 969 559 C.
990 507 1134 573 Sulpicium
1159 511 1275 562 Galbam

171 587 260 634 Meso.
270 593 293 635 l.
302 587 414 636 Gaertn.
425 595 450 637 ct
461 587 520 635 edd.
528 595 588 635 unte
598 586 704 636 Aldum.
741 586 891 648 pontificem
904 598 975 636 xxx.
985 589 1026 637 32.
1046 586 1133 635 Exilis
1144 585 1276 647 ‘Seruius'

170 663 222 713 Sed
236 665 243 691 ‘
256 664 353 714 Caius’
368 666 463 714 dicitur
475 665 520 714 lib.
532 679 613 714 xxxi.
625 679 704 726 capp.
741 669 769 714 el
791 670 798 692 ‘
812 663 902 713 Ceins’
925 664 975 713 hoc
997 677 1074 722 unun-
1084 665 1190 721 mortui
1201 672 1272 714 snut.

169 743 212 789 49.
230 749 258 790 et
279 745 320 791 51).
356 742 390 792 Et
409 742 446 790 itu
467 741 608 791 vocandum
626 741 704 795 docet
738 738 894 788 ‘Seruium'
912 739 1020 802 Pighius
1033 739 1066 788 sd
1083 755 1107 787 s.
1118 754 1208 789 souin.
1220 738 1272 788 fra·

168 815 260 878 Sigon.
269 817 320 866 hoc
330 818 376 873 lib,
388 833 411 867 e.
421 822 462 871 27.
474 821 487 882 ς
499 824 524 867 o.
741 820 808 871 trem
825 815 833 841 ‘
845 813 948 865 Publii’
964 823 1052 875 vocat,
1071 829 1104 864 ex
1121 816 1275 879 conjecturs

204 893 219 955 i
237 897 266 941 15
284 893 338 942 Ser.
351 894 470 956 Sulpicius
480 900 503 943 el
515 894 544 944 t..
558 894 637 943 Gallia
646 909 704 957 puu-
741 891 841 954 opinor.
859 891 927 942 Dulc-
960 892 1051 942 Lectio
1064 894 1167 955 vulgatu
1178 894 1273 943 userito

170 965 260 1032 llfices]
280 969 349 1030 Lege
362 969 417 1019 Ser.
427 974 451 1018 et
464 970 493 1017 C.
504 969 607 1033 Sulpicii
619 970 704 1019 Gallie
740 969 846 1032 sigonio
855 969 996 1032 displicuit.
1016 969 1116 1018 Purtim
1127 970 1194 1019 enim
1206 972 1274 1020 ‘Lu-

167 1043 300 1109 poutifiues.
314 1088 319 1093 .
333 1045 439 1094 Seruius
456 1053 561 1095 creatus
583 1044 703 1109 pontifex
739 1046 789 1101 cii'
802 1061 951 1110 pronomen
970 1046 996 1094 in
1016 1052 1094 1110 gente
1105 1046 1221 1108 Sulpicia
1233 1046 1272 1094 in·

169 1120 258 1175 fuerat
281 1137 305 1169 a.
324 1135 463 1177 occentu.
495 1124 573 1173 Cuius
596 1138 656 1172 veno
678 1139 703 1174 u.
740 1121 865 1171 usitatum
883 1121 942 1171 suit.
974 1121 1142 1172 Videndxc.
1159 1124 1274 1186 28.§8.

168 1209 317 1255 ccccuvnr.
329 1198 416 1258 Sigon.
440 1199 523 1248 Recte
532 1199 569 1247 its
581 1199 703 1255 emendat
740 1198 841 1249 Partim
854 1199 932 1248 lectio
945 1198 989 1247 illa
1001 1197 1030 1247 in
1045 1199 1115 1246 nullo
1126 1205 1212 1247 exstat
1229 1213 1275 1247 cos

167 1273 288 1336 Sigonius
308 1289 323 1323 e
345 1273 446 1324 duobus
468 1275 531 1324 locis
550 1275 617 1325 Liuii
634 1276 703 1326 initu
739 1274 809 1327 dice.
836 1274 927 1323 Prima
945 1276 1022 1325 etism
1042 1275 1270 1338 editionumque·

168 1350 283 1413 seriptis.
308 1350 382 1400 Idem
394 1352 433 1399 vir
444 1366 558 1401 summus
569 1359 597 1403 et
608 1354 702 1409 merito
739 1365 797 1400 eum
808 1352 942 1404 exhibent.
951 1360 989 1401 est
998 1353 1120 1414 Mogont.
1128 1352 1271 1400 anteaede·

169 1422 195 1471 iu
224 1425 386 1488 principibus
417 1426 582 1477 eruditorum
605 1437 702 1479 nostrus
740 1426 818 1477 batur
839 1427 894 1477 Ser.
915 1427 1038 1491 Sulpicius
1056 1433 1080 1479 et
1100 1428 1177 1476 Galla
1190 1427 1271 1491 poull-

168 1502 299 1551 otemoriae
325 1503 498 1552 numerandus
517 1503 601 1552 Heus.
622 1504 703 1555 Nori·
731 1507 810 1572 fiaes:
827 1507 893 1572 qtlod
906 1514 1012 1556 seruant
1024 1505 1080 1556 fere
1094 1520 1182 1555 omnes
1193 1506 1270 1555 codd.

168 1577 220 1649 situs
241 1579 386 1641 Cenotaph.
409 1579 498 1632 Pisau.
518 1593 550 1628 11.
567 1584 592 1629 l.
612 1581 703 1634 scribit
739 1589 767 1632 et
786 1583 845 1641 mei,
861 1591 888 1632 et
907 1582 1015 1631 Hearnii
1034 1582 1064 1630 L.
1081 1586 1105 1631 l.
1118 1589 1150 1646 *et
1168 1581 1204 1630 Ν.
1222 1582 1277 1637 nisi

164 1662 196 1713 se
216 1670 353 1720 numquam
374 1658 466 1720 legisse
481 1659 488 1684 ‘
502 1657 566 1706 duos
584 1658 701 1720 ejusdem
739 1659 807 1723 quod
827 1660 919 1708 Furius
930 1659 1051 1722 Sulpicius
1062 1665 1086 1708 el
1099 1660 1176 1708 Gallu
1193 1661 1227 1709 sit
1244 1660 1271 1708 iu

167 1730 290 1789 familiae’
305 1730 330 1782 iu
349 1733 418 1783 idem
431 1734 569 1796 collegium
581 1735 701 1784 sacerdo·
739 1737 805 1787 Lov-
822 1740 845 1789 1.
871 1737 926 1787 Ser.
951 1737 1073 1799 stilponis
1092 1742 1115 1785 el
1139 1737 1224 1786 Galle
1243 1738 1271 1786 in

168 1813 224 1870 toln
242 1817 390 1872 cooptatos,
410 1824 441 1859 ac
461 1809 701 1871 ostudunensis
739 1814 840 1863 Lot-d.
873 1814 924 1863 Sed
947 1829 1036 1863 verum
1059 1822 1130 1863 reete
1150 1815 1272 1877 Sigonius

166 1884 244 1951 liujus
261 1886 311 1934 loci
331 1886 468 1934 lectionem
487 1901 503 1934 a
519 1886 713 1949 Sigooiojure·
738 1888 921 1953 deprehendit.
952 1891 1028 1954 Supe
1046 1889 1154 1953 librarii,
1174 1892 1272 1942 obitu·

166 1961 331 2023 repudiatum
352 1960 479 2024 reserens,
496 1960 578 2017 addit,
597 1970 702 2012 certum
738 1967 795 2016 ulus
815 1966 922 2019 durorum
946 1968 987 2018 vel
1008 1967 1206 2030 magistratuum
1230 1968 1270 2015 uel

166 2049 224 2097 osse
236 2043 244 2065 ‘
257 2037 289 2086 L.
300 2037 410 2087 Galbam
420 2037 426 2058 '
438 2036 516 2087 fuisse
528 2052 542 2086 e
555 2044 633 2101 gente
643 2039 699 2087 Sul·
737 2043 899 2093 sacerdotum
918 2052 965 2094 aut
982 2038 1144 2108 praenomina
1161 2052 1206 2092 unt
1225 2059 1272 2093 no-

166 2113 248 2176 picia,
265 2113 327 2163 ‘cui
339 2121 437 2163 lentium
455 2113 545 2163 Gulbae
557 2129 698 2177 cognomen
737 2121 815 2176 urina,
833 2136 890 2185 quise
903 2122 1006 2185 uitrique
1018 2121 1110 2170 eudem
1122 2128 1205 2179 erant,
1223 2136 1271 2169 nu·

165 2189 300 2258 proprium
325 2188 422 2239 suerit!
464 2191 530 2240 Haec
548 2191 698 2256 ituscriptu
738 2211 810 2246 mero
821 2198 916 2262 plurali
927 2198 1170 2253 extrrlit,erruruut.
1202 2199 1271 2247 Vid'e

165 2276 235 2334 sunt,
248 2278 286 2326 nt,
303 2270 363 2334 quis
376 2278 453 2319 antes
465 2270 577 2332 dixerut,
587 2286 614 2318 se
626 2286 698 2321 num·
736 2273 770 2324 od
782 2287 821 2323 ιν.
831 2277 874 2323 48.
885 2276 899 2338 i
912 2278 935 2324 l.
950 2287 989 2324 vt.
1004 2276 1048 2323 22.
1063 2275 1112 2337 §L
1127 2284 1153 2323 et
1164 2288 1234 2324 xxv.
1245 2280 1272 2331 8.

165 2361 243 2413 qulam
263 2347 365 2410 legisse,
383 2347 448 2397 duos
465 2347 576 2413 ejusdem
593 2347 697 2401 familiae
737 2352 814 2416 §ltu¹
837 2351 961 2401 Ceterum
981 2359 1057 2400 recte
1074 2351 1193 2415 Sigonius
1213 2355 1270 2416 qui·

163 2424 194 2485 iu
213 2422 282 2474 idem
305 2424 440 2487 collegium
467 2432 613 2490 cooptatos,
634 2427 697 2476 sutis
737 2426 796 2475 dem
809 2427 872 2475 druos
885 2425 1015 2491 Sulpicius
1027 2424 1125 2477 Gallim
1143 2428 1190 2479 hoo
1205 2438 1270 2478 tem-

163 2501 553 2566 uppareot,eumexistimasse,
571 2503 697 2553 ‘L.Gal-
737 2519 801 2568 pore
827 2506 963 2568 pontifices
983 2506 1063 2555 fuisse
1088 2508 1174 2563 docet,
1197 2508 1223 2560 in
1243 2524 1270 2558 e-,

163 2577 223 2634 bam
244 2576 360 2626 tuotum'
382 2592 414 2626 ex
436 2577 533 2627 lautitia
555 2579 696 2630 Gulussam
736 2582 823 2630 dendo
842 2591 928 2631 tamen
941 2599 1019 2646 anno,
1031 2599 1082 2648 quo
1095 2584 1269 2635 sacerdotium

163 2655 250 2717 gentis
258 2655 392 2716 Sulpiciae,
404 2657 411 2681 ‘
423 2654 478 2703 Set.
488 2655 641 2718 Sulpicium'
653 2671 696 2704 su·
735 2658 785 2710 ltoc
796 2658 886 2722 adepti
898 2670 958 2710 suunt
968 2661 1144 2723 gravissimum
1156 2677 1270 2714 errorem

163 2739 218 2780 tem
235 2746 267 2779 ex
286 2732 337 2779 ulia
353 2731 469 2794 ejusdem
487 2734 573 2794 gentis
589 2728 700 2790 t'smilm
735 2737 876 2787 commisit.
909 2737 941 2785 In
964 2738 1150 2800 posterioribus
1170 2740 1270 2789 sehon.

162 2824 223 2876 quae
247 2811 334 2858 mtrltae
362 2816 447 2866 eruut,
473 2806 560 2858 foisse.
605 2810 632 2857 Si
660 2810 697 2858 its
736 2825 809 2860 orum
838 2811 937 2876 sigonii
969 2813 1030 2862 edd.
1056 2813 1180 2864 dicuntur
1208 2817 1269 2870 anui

163 2886 257 2948 sensit,
272 2886 368 2935 accidit
387 2886 421 2947 ei,
438 2887 506 2951 qnod
518 2886 697 2949 sopiusmilri,
736 2900 840 2943 cunvn.
859 2897 886 2938 et
901 2901 999 2939 cousus.
1019 2889 1045 2940 in
1064 2890 1096 2940 iis
1116 2905 1174 2955 quae
1193 2892 1268 2955 Sigo-

162 2979 240 3027 uuum
268 2964 316 3014 illi.
360 2963 428 3014 Num
455 2964 625 3014 certissimum
648 2971 699 3026 est,
735 2965 1221 3024 nisusclrrsvil,cunutuetcouurtr.
1239 2974 1268 3016 ut

162 3050 303 3105 utrumque
322 3041 413 3092 luorum
433 3054 466 3089 ex
485 3038 576 3088 eadem
598 3038 698 3094 familis
734 3042 777 3091 hic
792 3042 931 3091 edidimus.
963 3042 999 3091 At
1017 3041 1071 3095 ueni
1087 3042 1146 3091 unni
1163 3041 1271 3098 fuerunt

162 3117 305 3174 Galbanum
317 3116 535 3179 gentisSulpiciae
547 3114 634 3168 titisse.
653 3117 696 3170 Itu
735 3133 854 3171 xuxuvu.
871 3127 899 3168 et
919 3132 1046 3172 toxuvtn.
1065 3132 1158 3181 nempe
1177 3133 1271 3168 secun.

162 3194 232 3246 enim
254 3193 345 3243 scribit
367 3192 454 3246 Livius
475 3206 545 3246 xxx.
565 3197 607 3242 26.
624 3193 654 3244 in
673 3211 697 3246 a.
734 3195 795 3245 dium
809 3195 924 3248 ustiones
935 3194 1142 3256 chronologicas,
1154 3209 1216 3258 quus
1228 3195 1271 3251 Si,

161 3282 216 3320 tot..
229 3269 237 3295 ‘
248 3269 279 3318 Iu
288 3268 420 3333 ejusdem'
437 3267 484 3331 [Q.
494 3270 564 3318 Fabii
575 3270 695 3337 Maximi]
734 3274 826 3340 gonius
839 3274 865 3321 in
877 3272 951 3321 Livio
962 3271 1036 3334 sequi
1049 3272 1139 3321 solitus
1152 3279 1202 3319 est.

161 3352 169 3376 ¹
182 3347 268 3398 locum
281 3345 400 3409 pontifex
411 3346 485 3396 Seru.
495 3346 624 3409 Sulpicius
632 3348 694 3398 Gul-
767 3350 836 3399 Clo.
846 3362 908 3399 vus.
925 3351 939 3413 ς
951 3352 966 3397 3
984 3348 1025 3397 Ne
1035 3353 1077 3395 aul
1089 3347 1138 3410 ipse
1147 3348 1270 3409 prouincia

161 3420 207 3479 ὑπ’
226 3424 395 3486 inauguratus
412 3429 461 3474 est.
494 3424 527 3475 El
545 3424 636 3475 eodem
649 3426 694 3477 tto.
733 3426 866 3491 disderii]
885 3424 1055 3478 Scribonium
1076 3423 1208 3486 solitusque
1225 3429 1268 3473 sul

160 3500 445 3555 posthuminius
465 3500 610 3565 Torqustus
631 3518 694 3567 pons
732 3503 783 3566 ipse
798 3501 921 3566 provincio
937 3501 1057 3549 decedere·
1074 3500 1168 3549 Gelen.
1202 3500 1268 3548 Lec.

161 3576 270 3627 tiiexeo
279 3575 483 3640 uuno’[a.1ott.]
495 3579 628 3628 ‘mortuus
636 3587 693 3630 est:
733 3582 854 3632 tionemu
867 3576 979 3627 Gelenio
991 3586 1110 3624 exactam
1130 3576 1268 3637 perhibent

159 3655 187 3708 iu
205 3655 289 3703 locum
307 3654 362 3717 ejus
378 3652 500 3704 suffectus
519 3655 548 3704 C.
563 3656 694 3719 Sulpicius
733 3669 835 3719 quinque
848 3653 916 3703 Pall.
926 3657 998 3714 utque
1008 3656 1050 3699 aul
1067 3652 1118 3712 ipse
1133 3667 1199 3713 prou.
1216 3653 1269 3705 dec.

161 3731 266 3792 Galba)
283 3731 693 3794 Tres‘SulpiciosGallsas’eircu
730 3733 808 3798 prius,
817 3736 860 3780 cut
871 3734 970 3777 celerem
979 3728 1101 3776 deduceret
1114 3740 1152 3775 ex.
1176 3726 1268 3790 Autiq.

157 3808 216 3866 lino
238 3814 356 3871 tempora
373 3814 499 3857 memorat
517 3808 622 3860 Livius:
642 3811 693 3872 pti·
733 3810 776 3859 ed.
790 3823 863 3872 ueqtle
880 3812 922 3855 uul
933 3806 982 3867 ipse
991 3819 1058 3867 proc.
1072 3805 1121 3854 dec.
1132 3802 1209 3865 prius.
1225 3808 1268 3858 aul

159 3901 229 3940 mum
242 3886 274 3934 P.
285 3886 428 3947 Sulpicium
445 3885 556 3935 Galbam
575 3886 614 3935 bis
632 3902 692 3936 cou-
731 3894 834 3937 ueterem
850 3885 973 3932 deduceret
990 3896 1029 3928 es.
1045 3880 1131 3928 Gebh.
1166 3879 1267 3944 Lectio,

159 3964 242 4016 sulem
256 3976 327 4012 xxv.
338 3966 380 4011 tt.
391 3969 417 4012 et
429 3962 474 4010 111).
487 3975 567 4012 xxxt-
579 3978 655 4027 capp.
666 3968 692 4016 4.
731 3979 790 4031 qum
804 3961 921 4010 Gelenio
939 3957 1084 4020 displicuit,
1103 3965 1128 4005 et
1148 3962 1270 4016 superest

159 4043 185 4090 5.
200 4046 228 4090 et
242 4038 497 4090 u.1ot..dictstotem
510 4051 580 4091 xxx.
593 4043 634 4092 ut.
651 4055 692 4091 ses
731 4042 757 4090 in
776 4041 839 4089 Lon.
851 4042 875 4085 o.
890 4043 917 4084 et
935 4032 1132 4095 Hstl.primum
1145 4031 1268 4093 adparuit

157 4117 271 4167 oriudum
284 4118 341 4165 Ser.
353 4116 496 4177 Sulpicium
506 4115 616 4165 Galbam
630 4117 693 4170 urdi-
731 4118 758 4172 ip
781 4113 842 4163 edd.
865 4109 975 4161 Ascens.
996 4107 1165 4172 Antiquioses
1188 4107 1265 4164 enim,

158 4196 209 4246 lem
221 4193 349 4254 currulem,
365 4194 478 4254 legatum
490 4192 522 4239 ud
537 4192 651 4242 Attalum
664 4201 692 4244 et
730 4206 795 4259 quas
812 4186 875 4243 uidi,
892 4188 982 4248 legunt
997 4198 1070 4246 neque
1087 4188 1129 4231 aut
1146 4182 1197 4245 ipse
1210 4197 1265 4250 pru·

155 4269 418 4340 pontificemxxt'u.
427 4272 469 4322 21.
479 4273 611 4344 surmtl.
623 4283 693 4333 unx·
730 4269 810 4322 oiuciu
826 4265 966 4317 decederet.-
982 4261 1052 4332 quod
1070 4261 1096 4312 io
1119 4262 1189 4312 nullo
1205 4259 1269 4325 cod.
