2975 4950
233 396 336 455 10342
604 402 706 447 norm
735 401 933 446 vauronuu
963 403 1002 446 ln*

227 574 308 609 unum
327 553 495 608 tutissimum.
534 549 587 603 Ubi
601 556 662 602 sunt
681 548 780 618 scripti,
820 547 948 616 ‘ingenia
971 546 1111 602 foecunda’
1147 540 1317 604 ‘Facundia’
1347 551 1376 603 in

229 649 296 703 quos
315 633 420 699 jactant
443 627 581 682 editores?
624 626 694 678 Nanr
719 625 780 678 Put.
820 641 942 678 sermone
963 631 1098 693 προφορικῷ
1118 636 1168 689 est,
1198 626 1307 698 dequo
1331 627 1377 681 hic

230 709 290 763 Pet.
306 709 380 762 Men.
393 715 455 761 tres.
475 704 542 758 Pall.
559 703 612 757 duo
634 702 702 756 Flor.
718 701 782 755 Bar·
821 719 875 754 non
891 702 985 771 agitur.
1004 704 1079 760 Duk.
1379 753 1383 760 ,

228 788 311 842 berin.
327 786 404 840 Voss.
412 791 515 857 preater
530 799 582 835 non
594 782 755 834 mossimum
764 798 783 831 a
838 775 897 849 §15
910 780 1095 837 Incliunviteo
1107 784 1379 851 sententia,quodtu-

228 866 309 918 malis
325 863 444 918 consiliis
456 868 597 929 receptum.
618 856 782 910 Verissime:
820 858 883 926 tius]
898 856 959 911 Pnt.
973 856 1041 928 Reg.
1052 859 1122 914 Pett,
1138 859 1213 913 Men.
1225 859 1288 913 duo.
1306 859 1378 912 Pall.

229 959 316 1013 neque
334 948 376 994 est
400 955 464 992 sane
484 945 558 991 tutus
576 933 718 989 admodum
742 950 783 987 re·
822 933 900 987 Voss.
913 938 1097 991 arcentrbeo.
1130 936 1293 990 Verissime:
1311 954 1377 989 nam

228 1027 322 1089 ceptus
338 1014 490 1088 permittere
511 1031 541 1067 se
558 1013 652 1066 alienae
671 1010 715 1064 vel
735 1010 780 1063 irae
819 1018 848 1063 et
856 1011 932 1064 vitiat
944 1013 1038 1066 scitum
1057 1012 1185 1084 loquendi
1199 1030 1294 1083 genus.
1314 1012 1377 1066 Lib.

229 1096 272 1149 vel
287 1093 442 1149 clementiae.
480 1092 534 1152 Qui
550 1090 620 1144 enim
637 1089 714 1150 scias,
727 1104 782 1141 ma·
821 1093 1006 1142 xxx11.c.13.
1033 1090 1210 1145 ‘Fluctuatus
1223 1089 1311 1144 animo
1323 1098 1378 1151 est,

223 1175 346 1241 joremne
368 1170 466 1224 doloris
490 1169 535 1222 ille
561 1165 721 1227 vindicandi,
747 1181 781 1217 an
820 1174 906 1218 utrum
917 1165 1037 1236 protinus
1048 1167 1077 1219 in
1095 1185 1205 1237 regnum
1225 1184 1255 1220 se
1273 1166 1379 1237 recipe-

227 1251 320 1320 gratiae
349 1246 498 1319 quoerendar
527 1243 700 1316 cupiditatem
734 1240 782 1294 ha·
818 1249 867 1304 ret,
881 1260 916 1296 an
931 1244 1028 1296 reverti
1046 1244 1074 1297 in
1088 1244 1254 1298 Thessaliam
1273 1250 1377 1314 posset.

227 1327 308 1382 beat?
329 1326 423 1380 Cicero
435 1324 509 1378 Fam.
517 1339 558 1375 rx.
572 1326 594 1374 l.
614 1320 670 1373 ‘Ut
679 1318 779 1373 nullam
821 1318 963 1373 inclinavit
984 1322 1125 1384 sententia,
1146 1321 1269 1373 suumin
1289 1318 1379 1372 Thes-
1483 1345 1484 1388 i

228 1398 415 1452 allevationem
431 1394 571 1466 quisquam
591 1409 646 1446 non
660 1389 782 1444 stultissi-
819 1395 911 1449 saliam
925 1391 1020 1466 agmen
1032 1396 1189 1452 demittere]
1226 1397 1297 1450 vicit
1308 1414 1380 1467 pon.

228 1494 286 1529 mus
299 1491 405 1546 sperare
415 1471 528 1525 debeat)
541 1470 625 1541 Epist.
639 1474 664 1522 9.
683 1466 779 1520 ‘Meas
819 1472 883 1527 dere
896 1491 930 1528 ea
944 1475 1084 1538 sententia,
1102 1474 1217 1529 eundum
1239 1491 1298 1527 esse
1317 1473 1381 1526 uni-

227 1561 318 1607 tamen
338 1568 432 1623 preces
451 1548 522 1620 apud
545 1563 684 1608 eumnon
705 1544 781 1597 mini·
819 1551 912 1614 versis,
923 1552 996 1623 quod
1013 1552 1153 1607 videbatur
1168 1552 1258 1605 tutius.
1296 1550 1381 1605 Taci-

227 1648 299 1684 murn
333 1626 496 1684 auctoritatis
532 1623 667 1677 habituras
697 1621 780 1692 puto!
819 1636 862 1682 tus
876 1627 948 1682 Hiar,
960 1646 980 1682 1,
993 1634 1036 1683 59,
1059 1629 1379 1683 ‘ocwssatavommesp

195 1709 198 1716 “
230 1709 325 1777 Agrar.
339 1724 368 1760 11.
389 1710 431 1759 35.
451 1703 586 1756 ‘Romam
607 1702 635 1754 in
647 1699 779 1752 montibus
819 1705 917 1768 hortas,
941 1713 997 1759 tum
1022 1706 1156 1760 discordia
1177 1714 1327 1776 temporum
1359 1723 1380 1759 a

227 1785 342 1856 positam
361 1792 389 1837 et
409 1780 581 1843 00¹1vallib¹1⁸›
602 1775 780 1847 11⁰¹¹⁰Ptlmi⁵
818 1782 924 1852 legione
944 1782 1077 1853 digressae,
1095 1790 1176 1855 prout
1192 1781 1378 1844 inclinassent,

228 1863 286 1924 viis,
311 1859 502 1928 angustissimis
523 1856 641 1928 semitis!
679 1854 781 1907 Auctor
817 1860 919 1929 grande
936 1869 1107 1924 momentum,
1124 1860 1203 1914 3005oe
1221 1867 1267 1913 aut
1280 1859 1379 1913 adver.

228 1939 263 1993 ad
278 1939 496 1992 Herenn.1v.38.
527 1932 661 1988 ‘munic
673 1931 780 2003 quidem
819 1938 871 1991 saefl
898 1939 927 1991 J.
947 1939 981 1991 F.
1009 1939 1094 1992 Gran.
1133 1936 1255 2000 llludeo,
1273 1936 1377 1990 insola

226 2024 304 2088 pater
320 2014 398 2088 (nolo
417 2014 526 2067 nimium
548 2009 652 2083 dicere)
670 2028 724 2063 nou
741 2018 781 2062 te·
818 2022 921 2068 tantum
945 2015 1035 2069 inveni
1063 2015 1124 2069 Ber.
1154 2014 1249 2085 reliqui
1279 2031 1377 2067 omnes

228 2095 383 2148 unissimum
394 2092 580 2164 patrimonium
599 2088 720 2159 reliquit?
750 2087 780 2139 J·
818 2109 872 2145 uno
903 2109 949 2147 ore
979 2092 1113 2155 damnant,
1147 2091 1377 2164 consentientibus

228 2173 263 2225 F.
281 2173 399 2226 Gronov.
412 2171 608 2224 Proeterunum
620 2167 781 2220 tutissiumm
821 2168 933 2223 Hearnii
956 2170 1061 2225 Oxonn.
1088 2170 1180 2223 Livius
1202 2169 1274 2224 illam
1292 2170 1378 2239 parti·

232 2249 295 2302 Ber.
311 2249 392 2302 Hafn.
405 2255 434 2302 et
445 2247 516 2301 Har.
530 2255 635 2316 prater
646 2246 727 2296 imum
740 2250 781 2295 tu-
814 2246 904 2302 ‘cnlam
925 2247 1005 2302 modo
1024 2248 1132 2310 addere,
1150 2246 1230 2301 modo
1249 2246 1376 2300 omittere

231 2329 362 2381 tissimum
374 2326 440 2378 Lov.
454 2331 479 2378 5.
494 2332 599 2394 preter
618 2322 780 2375 tutissimum
819 2324 911 2378 solitus
924 2332 973 2379 est.
994 2326 1029 2379 Et
1042 2325 1152 2397 quidem
1163 2324 1266 2379 addidit
1279 2340 1377 2377 xxvrr.

228 2404 296 2458 Lov.
312 2408 334 2457 1.
342 2410 506 2471 praeternou
517 2404 677 2455 tutissimum
686 2396 781 2468 reliqui
818 2406 860 2455 46.
897 2402 1064 2456 ‘Multorum
1076 2419 1111 2456 eo
1126 2402 1255 2457 inclinant
1267 2409 1378 2455 senten.

227 2482 288 2545 mei,
303 2500 364 2537 cum
374 2480 494 2549 Doujatii
510 2480 605 2549 Regin,
624 2486 653 2532 et
666 2475 779 2530 Hearnii
816 2480 869 2543 tiae,
899 2489 929 2534 ut
949 2490 1055 2553 tempus
1079 2498 1177 2555 pugnae
1207 2480 1379 2534 differretur?

228 2560 336 2613 Oxonn.
347 2576 400 2612 non
408 2559 569 2612 artissimum
580 2564 638 2611 est‘
649 2552 781 2626 periculo·
820 2556 926 2611 Omittit
938 2575 957 2610 1.
970 2563 1013 2612 24.
1033 2567 1040 2590 ‘
1056 2558 1115 2612 Hos
1128 2567 1159 2612 ut
1177 2574 1281 2628 sequar,
1297 2557 1376 2611 incli-

226 2636 374 2690 sissimum.’
411 2634 550 2689 lta‘haud
562 2650 695 2705 quaquam
708 2648 781 2702 sper·
816 2636 994 2689 natanimus.’
1021 2641 1105 2689 v11.9.
1135 2634 1254 2705 ‘Magis
1266 2642 1297 2688 ut
1307 2634 1375 2688 belli

225 2714 342 2767 nendus’
354 2731 403 2786 pro
419 2713 526 2766 maximi
541 2711 687 2773 faciendus,
704 2725 779 2762 xxx.
819 2711 916 2779 Gallici
926 2731 1021 2767 caussa
1032 2713 1188 2768 dictatorern
1201 2720 1319 2766 creatum
1333 2729 1376 2765 ar-

225 2797 269 2846 45.
282 2800 310 2846 et
321 2799 392 2845 ‘non
405 2791 513 2844 minima
529 2790 624 2860 opera'
635 2804 685 2859 pro
696 2785 779 2863 marri-
816 2791 906 2853 bitrer,
923 2791 1033 2846 inclinat
1052 2792 1170 2845 animus?
1208 2791 1303 2844 Verius
1322 2790 1387 2844 ita--

225 2886 270 2922 ma
281 2886 365 2940 opera
373 2885 480 2921 xxxrrr.
490 2872 516 2920 6.
555 2866 623 2919 Vide
636 2872 779 2936 quaeutro·
816 2885 869 2938 que
888 2875 937 2931 est,
953 2877 983 2923 ut
999 2869 1076 2923 codd.
1096 2886 1245 2939 sequamur.
1284 2868 1376 2937 Argu·

224 2946 450 3017 biquenotantur.
489 2944 555 2998 Mox
564 2962 622 2998 eum
630 2944 726 3012 quibus
738 2943 779 2995 di·
816 2953 942 3009 mentum,
978 2964 1046 3016 quo·
1063 2946 1206 3014 Doujatins
1234 2944 1374 3014 vulgatum

223 3026 357 3086 micasset,
369 3023 529 3077 omissauna
540 3039 616 3083 voce,
633 3019 700 3073 Lov.
716 3024 739 3073 l.
752 3024 778 3073 2.
816 3023 919 3096 probat,
945 3022 1061 3078 additam
1083 3023 1239 3094 particulam
1261 3040 1293 3076 eo
1312 3039 1375 3075 sen-

224 3108 253 3153 et
267 3100 338 3154 Hav.
511 3126 514 3133 >
815 3100 927 3153 tentiam
948 3101 1033 3170 magis
1057 3101 1225 3172 perspicuam
1248 3097 1374 3161 reddere,

259 3173 322 3247 §14
349 3179 415 3232 Sine
438 3178 553 3239 uulnere,
573 3178 631 3230 sine
648 3178 778 3244 sanquine
816 3176 923 3246 placere
947 3179 1059 3248 nequit:
1084 3178 1136 3231 nisi
1160 3178 1218 3249 quis
1242 3176 1374 3240 similiter,

219 3257 321 3326 sitisse]
341 3255 444 3308 Ultima
464 3273 518 3308 vox
536 3254 613 3308 deest
631 3255 659 3306 in
678 3254 738 3307 Ber.
753 3262 781 3308 et
816 3261 863 3308 aut
883 3255 1006 3309 omnibus
1018 3263 1065 3309 aut
1081 3255 1233 3308 melioribus
1252 3254 1319 3307 Mss.
1331 3254 1375 3306 in·

224 3331 286 3386 edd.
299 3350 384 3402 nsque
397 3332 432 3386 ad
443 3331 549 3386 Aldum.
569 3332 634 3401 Ejus
646 3332 706 3385 loco
721 3350 778 3385 esse
815 3331 884 3395 vitis,
906 3332 1045 3404 probanda
1060 3340 1166 3404 putaret
1178 3332 1268 3386 ornnia
1285 3330 1373 3385 libra·

224 3409 317 3480 legunt
330 3410 408 3463 Voss.
422 3409 489 3463 Lov.
504 3414 527 3462 l.
540 3415 566 3463 2.
579 3415 604 3463 3.
617 3415 643 3462 5.
661 3408 736 3462 Harl.
750 3418 778 3463 et
814 3409 912 3463 riorum
930 3409 1099 3479 glossemata,
1116 3410 1220 3480 quibus,
1237 3425 1373 3480 quaecum-

227 3486 298 3540 Hav.
814 3504 868 3557 que
884 3487 1037 3541 obscuriora
1053 3487 1191 3559 putabant,
1208 3486 1372 3556 interpolare

259 3566 354 3618 Il'imio
361 3566 427 3634 plus
430 3566 566 3636 sumunda]
579 3565 624 3617 An
633 3563 778 3634 potiusfoe·
814 3581 867 3618 uon
881 3564 1041 3618 dubitarunt.
1080 3564 1213 3618 Praeterea
1225 3564 1373 3632 sinquloene

223 3646 336 3697 cunda!
355 3642 443 3697 multis
457 3642 559 3697 scilicet
570 3641 736 3696 inveniendis
750 3651 778 3697 et
815 3640 1222 3714 cobortes,nnnuiversoepaullo
1232 3642 1371 3696 anteLov.

224 3721 312 3774 animo
324 3720 463 3790 fingendis,
475 3721 570 3791 quibus
584 3720 637 3774 iras
650 3719 776 3772 adversus
813 3722 839 3770 2.
851 3717 926 3773 Harl.
940 3727 967 3773 et
982 3720 1043 3774 Ber.
1057 3737 1119 3774 am.
1128 3737 1181 3773 sec.

223 3814 253 3852 se
275 3807 418 3870 conceptas
444 3797 546 3861 molliri,
567 3804 596 3851 et
619 3797 778 3867 magnitudi-
834 3791 1015 3868 Car.xxv1.§
1029 3802 1038 3851 1
1053 3798 1201 3852 Consilium
1208 3798 1284 3850 detis
1293 3797 1371 3849 Kar·

223 3893 285 3929 nem
316 3875 470 3931 delictorum
501 3894 607 3929 suorum
638 3875 777 3929 extenuari
815 3872 997 3944 tlmyineerat]
1005 3874 1183 3928 OmnesGall.
1194 3873 1369 3942 Carthagini.

222 3969 303 4024 posse
325 3954 375 4007 sibi
391 3953 568 4007 blandiuntur.
595 3951 675 4006 ond.
696 3951 777 4006 Trist.
816 3950 945 4006 Notatum
970 3951 1069 4006 dudum
1091 3952 1201 4007 eruditis
1225 3952 1253 4005 in
1279 3950 1369 4005 Plauti

223 4047 261 4083 ιν.
277 4034 317 4083 12.
330 4035 374 4085 38.
399 4031 453 4084 ‘Et
460 4030 584 4085 foecunda
591 4029 655 4083 facit
666 4038 777 4102 pectora
816 4028 916 4083 Casina
924 4029 952 4083 in
966 4030 1036 4084 Prol.
1056 4047 1096 4082 vs.
1111 4034 1153 4083 71.
1172 4028 1232 4082 ‘At
1250 4047 1302 4098 ego
1324 4030 1368 4083 aio

223 4107 309 4160 laudis
334 4109 422 4161 amor?
468 4107 504 4161 Et
524 4125 558 4161 ex
584 4106 662 4161 Pont.
687 4125 723 4161 ιν.
749 4112 775 4161 2.
813 4106 866 4160 hoc
883 4107 941 4161 fieri
961 4107 989 4161 in
1012 4108 1118 4162 Graecia
1142 4114 1170 4161 et
1195 4105 1369 4178 Carthagini?

224 4188 265 4237 ll.
302 4183 638 4255 ‘Fertilepectushabes.'
675 4184 776 4239 Plinius
815 4185 916 4239 Noster
931 4203 1016 4239 xxxr.
1036 4190 1076 4239 ll.
1101 4184 1248 4255 ‘Magnam
1264 4191 1368 4255 partem

224 4261 329 4316 Praefat.
350 4261 420 4315 Hist.
440 4262 503 4315 Nat.
535 4263 658 4331 ‘Magna
677 4263 776 4317 foecun-
812 4280 903 4316 eornm
930 4262 1018 4334 palam
1049 4262 1205 4332 Carthagini
1231 4262 1376 4317 obversari.

223 4340 291 4393 ditas
305 4339 401 4394 animi!
438 4340 474 4393 Et
482 4357 512 4393 11.
524 4344 566 4393 78.
577 4348 717 4394 etxxxvr.
733 4344 773 4393 10.
812 4341 881 4394 dict’
899 4341 1007 4395 Servius
1023 4340 1059 4395 nd
1074 4340 1134 4394 AEn.
1152 4358 1189 4394 su.
1203 4344 1264 4394 224.
1284 4347 1291 4370 ‘
1312 4338 1368 4409 Ty·
